2784 4534
829 326 834 329 -
900 296 1272 360 mnsam.
1306 289 1512 364 33‚-81'.
1564 297 1650 364 34,
1682 298 1769 350 82.

2293 293 2415 355 159

245 465 412 533 nihil
441 465 725 549 opinione
755 466 994 548 affingat
1022 478 1404 549 assumatque
1434 467 1509 529 ad
1540 466 1974 550 aegritudinem
1992 512 2009 544 ,
2068 487 2179 530 neo
2209 468 2271 530 id
2302 490 2406 551 pu-

173 604 184 631 ,
248 546 358 615 ιε(
380 571 519 616 esse
547 560 777 614 reatum
797 597 818 627 ,
865 569 933 615 se
963 572 1137 633 quam
1182 552 1447 615 maxime
1477 551 1814 615 excruciari
1859 552 2138 635 luctuque
2171 555 2405 631 confici,

252 659 381 725 quo
410 636 660 720 pravius
701 635 856 698 nihil
884 656 1022 699 esse
1063 637 1278 720 possit.
1369 637 1626 700 Edocuit
1673 649 1869 701 tamen
1909 637 2065 700 ratio
2087 684 2104 713 ,
2156 649 2222 701 ut
2265 639 2411 703 mihi

250 724 497 807 quidem
525 722 797 811 videtur,
857 741 1034 804 quum
1077 722 1187 784 hoc
1215 720 1410 806 ipsum
1442 721 1682 806 proprie
1713 743 1834 785 non
1865 735 2259 807 quaereretur
2296 724 2410 789 hoe

247 820 530 891 tempore
553 854 570 885 ,
621 828 762 869 uum
804 804 959 889 quod
1002 819 1165 871 esset
1206 809 1464 885 malum,
1532 808 1650 870 nisi
1692 809 1848 891 quod
1890 808 2047 870 idem
2092 808 2207 871 diei
2238 819 2410 893 turpe

249 905 522 979 posset&
567 903 769 955 tamen
814 903 881 954 ut
919 892 1263 957 videremus
1284 940 1301 971 ,
1367 893 1644 976 quiequid
1705 904 1869 957 esset
1922 894 1987 956 in
2033 894 2409 977 aegritudine

218 978 439 1065 smmi,
489 979 551 1041 id
581 998 703 1041 non
732 978 1006 1041 natm-ale
1039 997 1175 1043 esse
1194 1025 1211 1056 ,
1258 979 1364 1043 sed
1395 978 1740 1042 volunmrio
1768 978 1987 1041 iudicio
2018 990 2080 1040 et
2108 979 2409 1062 opinionis

250 1084 471 1130 errore
502 1073 902 1127 contractum.
993 1063 1337 1127 Tractatum
1368 1075 1465 1128 est
1493 1075 1691 1128 autem
1722 1087 1755 1128 a
1787 1063 1959 1126 nobis
1998 1063 2059 1125 id
2088 1084 2283 1147 genus
2310 1085 2411 1127 ae-
2442 1077 2504 1129 81

228 1150 615 1235 ,gritudiniffi
680 1149 837 1231 quod
866 1169 1048 1212 uuum
1094 1161 1189 1215 est
1215 1149 1484 1212 omnium
1516 1150 1840 1212 maximum
1864 1196 1881 1227 ,
1945 1161 2013 1213 ut
2072 1169 2144 1210 eo
2177 1149 2413 1213 sublato

247 1237 629 1319 reliquorum
658 1233 925 1297 remedia
953 1248 1036 1297 ue
1060 1256 1277 1318 magno
1310 1254 1491 1318 opere
1524 1235 1865 1318 quaerenda
1895 1235 2349 1297 arbitraremur.

435 1322 588 1383 Sunt
617 1320 777 1383 enim
809 1330 1005 1398 certa,
1042 1341 1192 1403 quae
1225 1321 1295 1383 de
1326 1331 1673 1404 paupertate
1693 1368 1710 1398 ,
1758 1331 1920 1384 certa
1939 1367 1956 1396 ,
1994 1333 2143 1402 quae
2175 1320 2246 1382 de
2281 1321 2406 1385 vita
2427 1321 2516 1395 34

249 1407 622 1470 inhonorata
664 1415 725 1467 et
764 1405 1025 1488 ingloria
1070 1406 1187 1469 diei
1232 1406 1506 1483 soleant3
1552 1405 1874 1490 separatim
1920 1417 2122 1468 certae
2168 1405 2410 1469 scholae

251 1503 402 1561 sunt
433 1493 506 1555 de
537 1490 758 1556 exsilio
777 1536 796 1567 ,
831 1492 905 1554 de
936 1491 1183 1555 interitu
1212 1490 1478 1574 patriae„
1516 1492 1587 1554 de
1620 1490 1934 1566 servitute,
1972 1491 2045 1552 de
2077 1489 2405 1567 debilitate,

252 1579 338 1640 de
369 1577 685 1653 caecitate,
737 1576 809 1638 de
842 1576 1004 1642 omni
1035 1598 1177 1641 casu
1196 1623 1213 1654 ,
1261 1577 1330 1640 in
1358 1598 1474 1659 quo
1505 1597 1724 1645 nomen
1753 1576 1896 1660 poni
1926 1576 2083 1640 solet
2112 1576 2413 1640 calamita-

251 1663 368 1728 tis.
447 1661 607 1725 Haec
637 1660 852 1725 Graeci
900 1661 964 1724 in
994 1663 1264 1745 singulas
1297 1661 1534 1726 scholas
1582 1671 1644 1723 et
1675 1662 1737 1723 in
1768 1662 2038 1743 singulos
2072 1659 2257 1724 libros
2291 1660 2410 1725 dis-

249 1748 563 1833 pertiunt3
600 1768 744 1830 opus
777 1747 938 1810 enim
969 1757 1297 1829 quaerunt3
1346 1768 1701 1828 quamquam
1733 1747 1943 1829 plenae
1975 1745 2409 1827 disputationes

253 1832 675 1897 delectationis
717 1843 877 1897 sunt.

970 1833 1050 1894 Et
1092 1844 1293 1896 tamen
1333 1841 1401 1893 ut
1441 1831 1822 1893 medicitoto
1868 1850 2118 1912 corpore
2150 1830 2411 1893 curando
2443 1843 2508 1893 82

253 1919 544 1984 minimae
577 1917 756 1981 etiam
787 1916 981 2002 parti,
1030 1917 1084 1982 si
1115 1916 1423 1980 condoluit
1445 1964 1461 1993 ,
1494 1917 1844 1978 medentur:
1894 1915 1980 1980 sie
2009 1914 2403 1997 philosophia,

254 2025 443 2090 quum
484 2003 829 2068 universam
874 2003 1310 2086 aegritudinem
1354 2002 1636 2079 sustulit,
1701 2013 1902 2064 tamen
1962 2001 2014 2064 si
2057 2000 2189 2083 quis
2239 2014 2415 2063 error

165 2122 173 2128 ·
256 2090 500 2155 aliunde
533 2088 807 2165 exstitit,
858 2088 911 2151 si
943 2101 1260 2173 paupertas
1292 2087 1644 2163 momordit,
1700 2087 1752 2152 si
1782 2085 2112 2172 ignominia
2142 2086 2406 2169 pupugit,

257 2175 321 2241 si
362 2175 498 2259 quid
541 2175 924 2256 tenebrarum
968 2176 1174 2238 offudit
1222 2173 1545 2250 exsilium,
1610 2184 1713 2236 aut
1754 2188 1960 2235 eorum
1982 2218 1998 2248 ,
2053 2191 2204 2253 quae
2234 2171 2409 2233 modo

259 2261 428 2338 dixi,
478 2260 530 2325 si
574 2259 713 2343 quid
755 2258 1029 2342 exstitit,
1077 2272 1138 2323 et
1182 2261 1233 2327 si
1280 2259 1651 2342 singularum
1704 2278 1907 2322 rerum
1954 2267 2092 2333 sunt
2136 2256 2412 2341 propriae

202 2505 208 2511 ,
259 2451 470 2514 dentig‚
515 2450 629 2500 hier
648 2472 720 2490 =
746 2448 811 2498 de
833 2462 953 2511 sap.
981 2450 1288 2515 interroga-

258 2535 518 2655 υθὲῗιῖ*
541 2572 775 2652 ιζθὶηςὰέ
797 2593 921 2650 etc„
950 2586 1147 2636 eausal.
1165 2659 1182 2665 ,

337 2680 518 2724 tamen
555 2678 622 2723 ut
657 2671 986 2732 fideremus,
1024 2687 1121 2721 von
1146 2672 1288 2723 Edo-

261 2746 381 2792 ‹mit
418 2748 596 2792 tamen
631 2743 779 2793 ratio
805 2740 1088 2805 abhiingig:
1128 2741 1286 2804 „eine

259 2809 617 2873 folgerichtige
666 2808 1009 2873 Betraehtung
1055 2810 1144 2859 hat
1193 2825 1287 2859 uns

261 2892 331 2929 zu
358 2879 447 2929 der
470 2878 704 2928 Eiusieht
728 2876 995 2939 getulii-W.
1065 2877 1281 2941 Tamen,

263 2947 422 2998 sehon
444 2963 540 2998 vor
565 2947 674 2995 dem
692 2945 1135 3011 Concessivsatze,
1157 2945 1287 2996 wird

200 3019 214 3031 “
263 3015 345 3067 oft
368 3017 592 3067 naebher
613 3014 948 3079 wiederholt3
985 3031 1028 3066 s,
1061 3016 1088 3078 ἓ
1115 3014 1200 3065 82.

336 3102 419 3151 81.
457 3101 517 3152 id
558 3116 728 3166 genus
777 3104 999 3165 aegrit„
1060 3100 1141 3151 die
1189 3099 1289 3150 Be-

262 3169 601 3221 kiimmerniss
636 3168 766 3218 iiber
799 3169 898 3218 deu
924 3167 1038 3219 Tod
1072 3183 1288 3219 unserer

261 3238 638 3303 Augohffigen.

335 3320 439 3381 84.
502 3325 713 3375 scholae
749 3352 818 3361 —-
856 3323 1258 3390 disputationes
1269 3343 1290 3383 ,-

243 3390 371 3455 νεὶ.
401 3389 441 3440 Ῐ.
470 3392 528 3453 4,
551 3392 580 3439 7
606 3408 657 3443 u.
688 3394 739 3443 8.

339 3474 473 3524 opus
537 3461 672 3510 enim
720 3465 1018 3527 quaerunt,
1086 3459 1290 3509 scherz-

189 3513 198 3518 ’
264 3525 414 3578 hart:
477 3526 595 3590 „sie
646 3529 834 3578 suchen
881 3527 1102 3579 Arbeiw
1166 3527 1329 3592 (wie'

265 3595 636 3660 Tageliihner).
699 3594 796 3646 Mit
869 3611 1163 3662 numquam
1187 3603 1286 3647 ete.

264 3665 473 3716 mildert
525 3664 706 3715 Cicero
765 3664 846 3714 eiu
870 3664 1068 3717 enkend
1115 3665 1290 3715 diesen

267 3734 472 3785 kleinen
503 3733 656 3785 niet».

337 3819 421 3870 82.
462 3820 542 3869 Et
572 3825 753 3870 tumen
792 3826 893 3870 etc.
958 3818 1116 3869 Sion:
1165 3818 1294 3870 Der-

269 3888 499 3952 gleiehen
549 3886 947 3955 Monographien
994 3888 1107 3938 siud
1154 3902 1296 3937 zwar

272 3972 340 4005 zu
376 3956 656 4008 eutbelireu
675 3995 689 4024 ‚
742 3959 872 4008 deun
906 3972 1015 4008 wer
1048 3956 1176 4007 iiber
1209 3956 1292 4006 die

1390 2448 1803 2499 Bekiimmeruiss
1838 2447 1905 2496 im
1931 2445 2282 2509 Allgemeinen
2322 2447 2413 2497 das

1389 2518 1606 2580 riehtige
1633 2514 1832 2566 Urtheil
1868 2517 1985 2578 hat,
2025 2513 2242 2565 braueht
2276 2515 2416 2565 nieht

1385 2585 1670 2637 ¹besondere
1696 2583 1866 2634 Mittel
1910 2583 1996 2634 fiir
2023 2583 2184 2647 jeden
2221 2584 2416 2633 einzel-

1391 2653 1675 2713 nen-Fa113
1726 2652 1851 2703 aber
1896 2651 1995 2701 wie
2035 2651 2124 2700 der
2160 2651 2288 2701 Arzt
2322 2651 2415 2700 mit

1390 2723 1503 2772 dem
1563 2736 1760 2783 gauzen
1807 2717 2003 2783 Ktirper
2052 2719 2282 2782 zugleieh
2333 2718 2423 2769 die.

1390 2790 1657 2841 einzelnen
1684 2786 1863 2838 Theile
1891 2786 2156 2836 desselben
2185 2786 2328 2848 heilt,
2359 2801 2413 2834 so

1388 2859 1551 2908 bietet
1586 2854 1714 2907 auch
1744 2856 1827 2911 die
1852 2854 2205 2920 Philosophia,
2252 2853 2414 2904 uehen

1390 2927 1486 2977 den
1525 2925 1891 2990 allgemeiuen,
1934 2923 2212 2974 besondere
2239 2921 2417 2973 Trost-

1389 2995 1583 3059 griinde
1625 2994 1708 3044 fiir
1732 2994 1814 3045 die
1839 2992 2108 3044 einzelnen
2135 2991 2418 3056 Ungliieks·

1387 3064 1512 3115 falle
1572 3063 1683 3115 dar.
1714 3090 1780 3100 -——
1806 3061 2022 3127 Wegeff
2063 3063 2152 3112 des
2201 3053 2417 3111 wieddr-

1391 3133 1563 3183 holten
1592 3138 1773 3183 tamen
1798 3147 1842 3182 s,
1870 3131 1899 3195 ξ
1922 3132 2010 3181 80.
2350 3135 2362 3141 “

1391 3205 1540 3320 sai?
1581 3197 2445 3329 ffffifghggissegqvggessffigr⁴

1390 3341 1601 3406 sophia,
1629 3354 1794 3405 quum
1818 3364 1886 3373 —-
1906 3335 2161 3397 sustulit,
2213 3338 2417 3396 tamen,

1391 3412 1444 3459 si
1462 3435 1530 3444 —-
1558 3410 1805 3468 eoestitz't,
1858 3403 2107 3454 medetur
2144 3406 2201 3451 et
2234 3416 2417 3451 conso-

1395 3477 1624 3526 lationes
1674 3474 1921 3535 adhibet,
1975 3475 2027 3521 si
2070 3469 2417 3536 singularum

1395 3559 1579 3595 rerum
1629 3546 1759 3591 sunt
1785 3544 2053 3607 propriae
2087 3537 2415 3588 consolatio-
2522 3569 2537 3574 -

1394 3627 1763 3746 nessaupertas
1798 3675 2114 3759 momordit.
2148 3672 2296 3758 ,νε-1.
2323 3672 2411 3724 JV.

1395 3746 2412 3880 2θὲἱ4ὃᾳΐιξάθὲηἰῖξὲῗτῗηὴαῇπυάἱέ.

1396 3882 1640 3935 Aehnlich
1669 3880 1731 3931 V.
1752 3882 1802 3945 2,
1823 3882 1883 3932 6:
1916 3881 2047 3930 haec
2070 3879 2419 3931 indoctorum

1398 3955 1595 4002 animis
1622 3953 1796 4018 offitsa
1823 3949 1999 4014 caligo
2025 3954 2126 3999 est.

2038 4234 2065 4255 l
