2784 4534
161 1144 192 1161 l

309 433 315 439 ,
336 412 362 443 Χ

358 664 366 676 ,
417 592 566 660 nihil
619 596 883 665 brevius·

403 246 556 317 ‘100'
573 276 600 306 s

1189 263 1769 328 Llnnnn.19,45.
1854 320 1858 333 ,

408 426 624 504 κη’·Ιιίς
647 445 774 499 ιιοιι
798 423 954 493 enim
986 424 1133 488 satis
1163 374 1466 506 intelligo,
1502 423 1639 506 quid
1669 443 1962 487 summum
1992 395 2191 484 dicas
2186 441 2321 484 esse
2339 466 2356 497 ,
2407 420 2547 505 quid

413 512 621 576 breve.
683 546 769 558 --
843 510 1198 588 „Summum
1216 555 1234 586 ,
1298 531 1413 593 quo
1456 508 1605 571 nihil
1639 509 1721 572 sit
1771 507 2082 593 superius·
2065 554 2083 585 ,
2145 507 2330 570 breve
2348 553 2364 582 ‚
2433 528 2550 590 quo

977 590 1307 669 Contemno
1350 594 1818 678 magnitudinem
1879 594 2101 657 doloris
2120 640 2137 670 ,
2200 615 2269 656 a
2293 613 2410 692 qua
2452 613 2553 655 me

413 682 681 747 brevitas
725 682 1005 766 temporis
1043 680 1366 745 vindicabit
1408 690 1567 745 ante·
1593 700 1781 764 paene
1800 727 1818 756 ,
1882 701 2054 763 quam
2099 679 2358 743 venerit.
2371 686 2418 718 “
2462 717 2553 728 --

415 768 532 830 Sed
588 771 641 833 si
701 778 794 830 est
849 777 1050 835 tantus
1106 766 1308 843 dolor,
1388 777 1640 850 quantus
1700 765 2105 830 Philoctetae?
2174 802 2254 813 --
2333 765 2554 843 „Bene

414 853 585 938 plane
629 872 878 936 magnus
919 854 1063 917 mihi
1072 853 1335 952 quidem
1360 852 1617 916 videtur
1629 898 1646 929 ,
1696 853 1801 914 sed
1843 861 2044 915 tamen
2074 872 2210 914 non
2254 871 2546 916 summus.

412 938 577 1004 Nihil
620 939 778 1003 enim
819 939 985 1003 dolet
1027 938 1146 1003 nisi
1190 958 1330 1023 pes3
1394 949 1643 1022 possunt
1695 937 1886 1014 oculi,
1950 946 2147 1020 potest
2185 947 2395 1019 caput,
2462 936 2554 1000 la·

412 1037 583 1102 tera,
631 1025 938 1109 pulmones
957 1070 976 1102 ,
1040 1033 1290 1109 possunt
1319 1025 1554 1101 omnia3
1605 1025 1782 1108 longe
1824 1022 2010 1106 igitur
2051 1022 2221 1085 abest
2250 1042 2287 1084 a
2317 1044 2551 1086 summo

415 1112 642 1175 dolore.
733 1111 892 1194 Ergo
911 1157 928 1187 ,
991 1110 1214 1192 inquit,
1277 1110 1448 1173 dolor
1488 1071 1802 1174 diuturnus
1859 1108 2038 1171 habet
2079 1108 2357 1171 laetitiae
2416 1109 2553 1192 plus

310 1209 381 1259 45
414 1217 587 1280 quam
630 1196 963 1261 molestiae.
975 1202 1021 1235 “
1071 1233 1149 1244 —·
1211 1195 1383 1259 Nunc
1431 1215 1541 1278 ego
1574 1210 1708 1258 non
1751 1215 1989 1278 possum
2008 1240 2025 1270 ,
2048 1205 2318 1258 tantum
2359 1194 2555 1259 homi-

415 1302 551 1346 nem
599 1281 745 1344 nihil
788 1301 1033 1365 sapere,
1084 1281 1317 1358 dicere,
1367 1281 1474 1345 sed
1514 1302 1624 1345 nos
1666 1281 1738 1344 ab
1770 1301 1841 1344 eo
1873 1280 2132 1344 derideri
2163 1291 2327 1364 puto.
2419 1283 2553 1365 Ego

415 1387 706 1432 summum
752 1367 1015 1457 dolorem
1058 1369 1379 1443 (summum
1424 1376 1622 1430 autem
1667 1366 1833 1443 dico,
1870 1366 2064 1429 etiam
2105 1366 2158 1431 si
2188 1367 2391 1429 decem
2421 1378 2556 1431 ato-

414 1454 529 1516 mis
562 1464 667 1519 est
682 1448 873 1516 maior
911 1453 1092 1535 alius)
1141 1474 1263 1515 non
1310 1453 1611 1519 contiuuo
1640 1473 1776 1517 esse
1817 1452 1955 1515 dico
1978 1451 2259 1528 brevem,
2303 1452 2558 1516 multos-

311 1566 332 1615 ψ
363 1590 367 1594 .
416 1559 530 1623 que
561 1559 801 1622 possum
829 1538 1017 1602 honos
1046 1538 1213 1603 viros
1245 1538 1596 1616 nominare,
1644 1538 1745 1622 qui
1789 1537 2121 1622 complures
2165 1558 2354 1602 annos
2382 1538 2556 1601 dolo-

414 1625 583 1696 ribus
613 1625 910 1709 podagrae
940 1624 1283 1689 crucientur
1312 1625 1618 1688 maximis.
1683 1624 1798 1686 Sed
1830 1623 2003 1686 homo
2034 1633 2201 1687 catus
2233 1645 2557 1707 numquam
2653 1662 2659 1667 -

416 1711 702 1774 terminat
742 1731 852 1779 nec
894 1710 1317 1794 magnitudinis
1347 1730 1460 1774 nec
1494 1709 1902 1775 diuturnitatis
1932 1709 2168 1775 modum
2184 1756 2203 1786 ,
2238 1720 2307 1773 ut
2335 1710 2552 1789 sciam,

421 1797 562 1879 quid
590 1817 880 1863 summum
921 1796 1136 1860 dicat
1117 1818 1182 1858 ιιι
1210 1797 1418 1860 dolore
1438 1842 1456 1873 ,
1507 1797 1645 1879 quid
1672 1795 1858 1859 breve
1899 1795 1964 1858 in
1994 1807 2282 1878 tempore.
2365 1797 2558 1860 Omit-

414 1894 608 1949 tamus
640 1884 792 1947 hunc
820 1882 1018 1971 igitur
1034 1881 1183 1944 nihil
1212 1902 1458 1966 prorsus
1488 1883 1785 1945 dicentem
1829 1901 2220 1964 cogamusque
2251 1882 2554 1961 confiteri,

417 1989 539 2032 uon
569 1988 704 2034 esse
736 1965 809 2031 31)
838 1989 911 2033 eo
938 1967 1163 2033 doloris
1194 1967 1462 2031 remedia
1490 1965 1828 2065 quaerenda
1846 2012 1863 2043 ,
1912 1967 2012 2051 qui
2057 1967 2322 2030 dolorem
2364 1967 2559 2031 malo-

415 2075 549 2117 rum
580 2055 843 2118 omnium
873 2054 1203 2135 maximum
1235 2053 1497 2130 dixerit,
1533 2051 1802 2136 quamvis
1830 2051 1988 2116 idem
2020 2053 2355 2120 forticulum
2389 2074 2458 2117 se
2487 2054 2561 2116 in

318 2152 322 2156 ’
395 2139 772 2259 »torminibus
804 2151 865 2203 et
892 2140 955 2203 in
985 2137 1325 2227 stranguria
1356 2159 1466 2203 sua
1495 2136 1800 2226 praebeat.

538 2259 846 2375 ‚Aliunde
875 2306 1062 2392 igitur
1091 2319 1185 2372 est
1213 2311 1551 2391 quaerenda
1579 2310 1896 2387 ιιι3(1131ιι3,
1934 2321 1994 2372 et
2021 2310 2283 2374 maxime
2298 2308 2558 2394 'quidem

358 2463 366 2473 ,
419 2396 541 2477 (31,
590 2395 729 2478 quid
771 2394 1033 2456 maxime
1071 2405 1542 2460 consentaneum
1587 2396 1666 2459 sit
1687 2442 1705 2473 ,
1753 2394 2120 2479 quaerimus)
2162 2396 2282 2463 31)
2262 2396 2340 2460 iis
2358 2444 2375 2474 ,
2425 2397 2561 2481 qui-

417 2481 558 2545 bus
550 2520 567 2559 -,
619 2481 771 2564 quod
804 2478 1118 2543 honestum
1148 2480 1282 2557 sit,
1299 2502 1604 2545 summum
1646 2482 1897 2559 honum,
1947 2481 2115 2563 quod
2131 2490 2341 2582 turpe,
2392 2503 2560 2547 sum·

418 2589 575 2631 mum
609 2568 848 2631 videtur
874 2565 1115 2628 malum.
1194 2565 1302 2630 His
1332 2577 1398 2632 tu
1429 2567 1837 2651 praesentibus
1869 2586 2108 2651 gemere
2125 2577 2206 2630 ‘et
2234 2569 2460 2633 iactare
2490 2580 2558 2632 te

416 2763 656 2817 eademm
687 2767 716 2813 t
758 2766 870 2813 ista
915 2762 1067 2815 mihi.
1133 2759 1253 2812 wie
1300 2760 1432 2826 hier,

414 2831 572 2881 findet
617 2848 690 2882 sc
663 2832 723 2882 31ι
774 2830 811 2882 d
847 2847 901 2880 m
940 2830 993 2879 in
1030 2831 1121 2881 der
1157 2818 1434 2896 Umgangs-

414 2900 628 2966 sprache
655 2898 761 2965 (bei
820 2915 882 2949 en
896 2896 1192 2962 Komikern)
1211 2914 1275 2950 nn
1298 2899 1433 2951 viele

1537 2763 1639 2827 leg.
1679 2761 1720 2812 Ι.
1753 2762 1846 2825 16,
1884 2762 1951 2812 45
1987 2765 2159 2813 atita
2184 2762 2391 2821 dicam,-
2427 2760 2561 2812 doeh

1537 2831 1606 2881 ist
1640 2847 1698 2881 er
1730 2831 1781 2881 in
1821 2831 2142 2894 dergleichen
2177 2829 2376 2893 Dingeu
2416 2829 2561 2880 nicht

1536 2907 1862 2966 consequent.

399 3036 475 3086 ‘B.
503 3050 568 3085 an
594 3051 723 3103 age,

416 2967 718 3034 Imperative
744 2967 1004 3018 enclitisch
1031 2968 1333 3032 angehiingt,
1378 2985 1431 3017 z.

768 3040 944 3102 agite,
988 3034 1089 3099 dic,
1128 3051 1301 3099 mane,
1345 3038 1439 3087 abi

365 3120 548 3162 „uo-*fl

484 3174 628 3224 Bene
659 3172 824 3238 plane
854 3187 1128 3236 magnus,
1136 3172 1433 3238 ‚allerdings

416 3241 701 3295 bedeutend
716 3241 923 3306 gross‘st
908 3237 1043 3291 .Das
1057 3238 1437 3292 Gewiihnliche-

415 3328 473 3363 re
493 3313 632 3362 wiire
646 3325 793 3360 wenn
808 3310 975 3374 plane
985 3324 1081 3359 vor
1097 3296 1431 3363 honestando.

476 3385 715 3449 possunt
733 3379 893 3441 oculi,
924 3393 997 3428 sc.
1026 3378 1223 3429 dolere.

485 3451 571 3500 45.
612 3453 822 3511 catur,
831 3446 1071 3511 ,schlau“
1090 3484 1104 3511 ,
1155 3462 1299 3498 zwar
1338 3464 1436 3500 nur

417 3519 469 3569 in
493 3519 725 3582 wenigen
747 3484 894 3567 codd.
924 3515 1009 3566 fiir
1032 3516 1112 3566 die
1127 3514 1280 3581 Vulg.
1310 3532 1436 3569 cau-

418 3594 539 3651 tus,
602 3593 743 3654 passt
790 3585 914 3635 aher
960 3586 1089 3636 noch
1134 3585 1313 3638 besscr
1357 3587 1434 3638 313
1498 3636 1503 3645 ,

306 3658 309 3660 ’
416 3656 590 3721 (11333,
639 3654 740 3705 ιιιι(1
777 3654 866 3704 hat
913 3653 1005 3705 (133
1043 3655 1433 3708 ausdriickliche

419 3724 598 3790 Zeugn
600 3725 673 3775 iss
730 3723 822 3774 des
869 3720 1063 3775 Nouius
1111 3725 1184 3790 (p.
1233 3725 1299 3776 92
1349 3725 1434 3775 ed.

416 3792 599 3858 Mero.)
648 3792 733 3844 fiir
779 3791 906 3843 sich.
969 3792 1120 3847 Sonst
1157 3793 1437 3859 gebraucht

421 3861 624 3917 cicero
638 3862 747 3912 dies
784 3863 1034 3915 ιτα-311313
1059 3861 1211 3914 Wort
1235 3863 1436 3915 sreilich

421 3946 516 3981 nur
547 3932 640 3982 mit
671 3930 1139 3998 Entschuldiguug,
1177 3948 1228 3985 z.
1267 3931 1325 3982 B.
1369 3932 1434 3982 de

1606 2989 1942 3052 quamvis—
1958 2987 2249 3051 praebeat,
2302 2983 2353 3033 in
2390 2983 2561 3034 einem

1537 3052 1709 3109 Briefe
1746 3070 1811 3105 an
1837 3053 2175 3105 Hermarchus
2194 3090 2208 3118 ,
2250 3052 2346 3102 den
2374 3051 2559 3103 Cicero

1538 3123 1599 3172 de
1623 3124 1712 3173 fin.
1727 3123 1797 3174 11.
1828 3124 1891 3174 30
1916 3122 2159 3173 mittheilt
2182 3122 2285 3172 und
2308 3121 2554 3172 kritisirt.

1591 3207 1920 3273 forticula-e,
1950 3224 2046 3258 von
2068 3208 2246 3259 Cicero
2274 3224 2371 3259 neu
2396 3207 2562 3272 gehil-

1538 3277 1652 3339 det·
1704 3278 1815 3342 'ng
1853 3275 1942 3327 111.
1988 3278 2073 3342 17,
2100 3277 2164 3328 38
2202 3278 2473 3328 acriculus
2500 3294 2554 3329 ιι.

1540 3346 1634 3409 19,
1674 3347 1739 3397 46
1779 3346 2094 3397 dulciculus.
2132 3345 2397 3411 Haufiger
2443 3347 2560 3397 sind

1538 3414 1860 3496 dergleichen
1885 3413 2210 3466 Deminutiva
2233 3412 2314 3466 bei
2342 3416 2438 3465 den
2456 3412 2558 3465 Ko-

1536 3470 1912 3617 11111ιιιῖιιᾛι.ς,ιτ()ιι
1939 3553 2034 3604 den
2061 3553 2314 3604 Stoikern.

1609 3650 1716 3712 20.
1754 3657 1842 3707 46.
1887 3655 2032 3707 Tune
2057 3657 2197 3707 steht
2219 3655 2354 3707 oster
2376 3671 2441 3706 (ιιι
2467 3657 2561 3707 (133

1540 3723 1711 3791 Spitze
1736 3725 2026 3790 unwilliger
2048 3723 2266 3790 Fragen.
2302 3725 2466 3776 Acad.
2488 3722 2554 3775 Π.

1543 3794 1625 3857 19,
1653 3793 1750 3844 61:
1795 3793 1956 3857 Tune,
1992 3810 2158 3860 quum
2185 3798 2358 3845 tantis
2384 3793 2558 3845 laudi-

1541 3863 1637 3913 bus
1702 3863 2109 3929 philosophiam
2177 3863 2458 3927 ecctuleris,
2486 3888 2557 3903 -—

1541 3946 1672 3983 eam·
1687 3931 2090 3997 philosophiam
2123 3947 2374 3998 sequere,
2420 3944 2561 3999 quae
