2784 4534
857 257 864 261 ’
909 277 1157 367 Lmen
1186 277 1273 330 111.
1310 278 1392 343 ιε,
1426 277 1509 330 39.
1540 278 1627 331 ιο.
1660 279 1745 331 41.

2130 218 2137 223 Ι
2240 267 2360 330 137

235 459 366 501 rum
396 437 639 500 iucundi
668 438 841 519 quam
870 437 1046 500 mali.
1104 438 1250 502 haec
1294 438 1650 524 cogitantem
1694 440 1823 504 fore
1862 439 2099 504 beatum
2118 486 2139 517 ,
2192 458 2361 523 prae-

239 523 443 588 sertim
486 523 540 586 si
585 532 646 585 et
689 532 828 586 ante
872 524 1194 606 perceptis
1207 523 1379 588 bonis
1423 535 1738 589 contentus
1771 537 1933 590 esset
1960 546 2073 590 nec
2103 536 2357 589 mortem

235 629 346 673 nec
407 610 550 671 deos
595 608 1042 673 extimesceret.
1132 609 1326 674 Habes
1369 612 1621 675 formam
1664 611 1906 695 Epicuri
1946 612 2108 676 vitae
2149 611 2359 676 beatae

235 696 439 760 verbis
471 693 739 759 Zenonis
771 715 1154 789 expressam,
1192 695 1340 761 nihil
1370 707 1437 759 ιιι
1465 696 1653 779 possit
1683 697 1913 781 negari.

291 802 297 808 ·
406 780 556 860 Quid
586 776 788 864 ergo?
802 780 1055 845 huiusne
1094 780 1256 845 vitae
1286 782 1613 866 propositio
1666 793 1729 846 ει
1755 783 2037 867 cogitatio
2066 794 2171 853 aut
2201 784 2362 869 Thy·
2379 780 2467 851 18

237 876 425 931 estem
457 867 659 929 levare
691 866 909 950 poterit
951 876 1052 930 aut
1079 867 1364 944 Aeetam,
1431 868 1504 932 de
1533 889 1647 950 quo
1677 869 1875 952 paullo
1907 879 2046 933 ante
2074 868 2227 946 dixi,
2262 881 2364 933 aut
2393 880 2460 931 39

237 951 663 1028 Telamonem,
709 952 941 1036 pulsum
981 952 1174 1036 patria
1193 998 1228 1030 ,
1275 953 1650 1018 exsulantem
1691 965 1865 1038 atque
1910 955 2227 1037 egentem?
2298 955 2363 1018 in

238 1060 353 1122 qno
385 1038 530 1101 haec
560 1037 871 1102 admiratio
903 1037 1113 1100 fiebat.

404 1121 634 1187 Hicine
666 1134 759 1186 est
790 1124 920 1187 ille
935 1122 1264 1199 Telamon,
1315 1126 1497 1188 modo
1545 1135 1723 1210 quem.
1748 1104 1971 1212 glorta
2014 1125 2102 1188 ad
2125 1127 2364 1190 caelum

1983 1210 2216 1279 extulit
2227 1216 2261 1274 Ρ

297 1324 303 1333 ’
412 1297 597 1378 Quem
630 1292 1124 1378 a'dspeotabant?
1165 1296 1343 1359 cuius
1386 1295 1463 1357 ob
1496 1317 1566 1357 os
1605 1284 1809 1359 Graii
1823 1294 1938 1360 όνα
1968 1295 2367 1387 οὑυενιεζιάπί

237 1466 403 1546 Quod
449 1467 502 1529 si
547 1466 643 1537 cui
664 1511 681 1543 ‚
731 1477 796 1530 ut
840 1465 927 1528 ait
969 1466 1123 1529 idem
1145 1512 1161 1542 ,
1205 1467 1397 1529 simul
1435 1468 1677 1531 eninm-5
1708 1488 1843 1529 eum
1872 1487 1944 1529 re
1976 1468 2279 1541 concidit.
2328 1490 2364 1532 a
2393 1481 2460 1532 40

1985 1387 2175 1446 sua?

234 1551 514 1636 gravibus
545 1553 664 1616 illis
696 1551 955 1634 antiquis
987 1550 1350 1634 philosophis
1381 1551 1634 1634 petenda
1661 1552 1956 1615 medicina
1985 1563 2113 1629 est,
2149 1551 2270 1617 non
2293 1553 2365 1618 ab

234 1639 328 1702 his
359 1637 734 1722 voluptariis,

829 1637 1011 1716 Quam
1060 1637 1217 1701 enim
1261 1636 1362 1699 isti
1391 1636 1682 1699 bonorum
1707 1637 1954 1720 copiam
1968 1637 2211 1701 dicunt?
2240 1638 2373 1705 Fac
2470 1716 2479 1723 .

234 1743 383 1788 sane
413 1744 548 1787 esse
579 1746 874 1788 summum
904 1722 1122 1787 bonum
1153 1744 1274 1785 non
1303 1722 1540 1796 dolere3
1591 1743 1940 1805 quamquam
1982 1722 2042 1785 id
2090 1744 2210 1787 non
2252 1746 2361 1787 vo-

234 1821 407 1875 catur
435 1809 748 1893 voluptas·
781 1810 887 1873 sed
920 1830 1040 1873 ιιοιι
1070 1827 1318 1872 necesse
1349 1818 1443 1871 est
1471 1828 1629 1871 nunc
1661 1808 1891 1872 omnia·
1927 1809 2066 1871 idne
2098 1818 2212 1886 est,
2248 1831 2363 1891 quo

232 1895 489 1960 traducti
518 1895 740 1977 luctum
770 1895 1039 1959 levemus
1054 1895 1083 1955 ‘I
1140 1895 1231 1957 Sit
1260 1913 1405 1958 sane
1436 1915 1729 1957 summum
1761 1888 1979 1957 malum
2011 1894 2249 1973 dolere3
2298 1896 2364 1959 ιιι

235 2003 306 2047 eo
334 1983 520 2071 igitur
548 1982 647 2064 qui
679 2003 799 2045 non
830 1991 945 2058 est,
980 1980 1035 2044 si
1064 1981 1220 2047 malo
1251 1990 1475 2056 careat,
1496 1978 1859 2044 continuone
1888 1979 2105 2044 fruitur
2131 2000 2362 2044 summo

233 2068 430 2131 bono?

513 2067 670 2147 Quid
713 2068 1213 2151 tergiversamur,
1264 2062 1564 2149 Epicure?
1622 2085 1732 2129 nec
1777 2066 2033 2130 fatemur
2075 2086 2206 2130 eam
2249 2088 2361 2133 nos
2391 2080 2485 2131 41·

236 2153 437 2218 dicere
465 2153 869 2237 voluptatem,
919 2174 1091 2235 quam
1121 2164 1185 2216 tu
1215 2152 1406 2229 idem,
1456 2172 1634 2261 quum
1664 2172 1733 2216 os
1764 2151 2166 2235 perfricuisti,
2198 2154 2360 2218 soles

238 2239 436 2309 dicere
451 2242 480 2302 ‘I

234 2437 351 2489 halb
399 2437 473 2487 sie
520 2450 618 2485 von
659 2436 816 2486 ihren
853 2431 1014 2485 Vater
1045 2434 1247 2485 Aeacus

168 2514 178 2528 '
234 2521 325 2557 aus
360 2504 554 2568 Aegina
601 2504 852 2555 verbannt
889 2504 1115 2553 wurdeu'.
1179 2502 1242 2552 T.

233 2577 351 2640 ging
387 2574 512 2624 nach
537 2572 796 2636 Salamis,
834 2570 891 2623 P.
921 2573 1044 2622 nach
1085 2571 1248 2623 Thes-

235 2644 416 2695 salica.

237 2729 359 2833 ..22
394 2711 1249 2846 {z‘ssdtttffiss‘zdzss‘fflzsszz

238 2850 337 2901 dus
378 2850 541 2900 da‘ccit.
603 2849 890 2901 Admiram·
925 2848 1017 2898 mit
1053 2850 1109 2897 in
1146 2848 1248 2897 und

237 2920 349 2973 dem
395 2918 603 2970 Amutiv
649 2919 718 2968 ist
764 2918 892 2968 auch
937 2917 1019 2967 bei
1070 2914 1247 2967 Cicero

236 2989 375 3040 nicht
411 2989 604 3051 selten;
656 3002 711 3038 so
760 2987 821 3041 de
865 2986 955 3037 fin.
1004 2985 1045 3036 l.
1085 2985 1145 3049 2,
1183 2986 1245 3034 4.

233 3062 289 3110 in
339 3058 531 3124 quibus
582 3058 681 3106 Ιιοε
719 3059 961 3122 primum
1015 3061 1125 3119 ost,
1192 3058 1250 3104 in

235 3143 340 3195 quo
382 3126 651 3183 admirer,
697 3125 758 3175 de
794 3132 925 3176 orat.
962 3123 1002 3174 1.
1036 3125 1118 3187 11,
1145 3125 1246 3176 47·

237 3211 343 3264 quo
373 3198 428 3245 in
454 3195 592 3245 lzbro
616 3197 673 3244 in
699 3194 798 3244 Ιιοε
818 3197 1058 3245 ηιαωίηιε
1081 3193 1252 3244 admi-

235 3265 406 3316 rabar
427 3262 727 3326 Platonem,
756 3262 903 3329 quod
923 3270 1025 3314 ειε.
1063 3261 1248 3327 Vg1.1.

238 3334 325 3396 21,
354 3333 419 3382 48
462 3349 526 3382 zu
558 3333 807 3399 gloriari
839 3349 889 3382 ιι.
920 3329 985 3381 V.
1014 3331 1066 3395 9,
1093 3332 1159 3382 24
1184 3349 1251 3382 zu

242 3416 455 3451 vexare.

239 3537 282 3590 E
309 3469 494 3521 Hicine
516 3477 638 3534 etc„
662 3486 756 3521 aus
777 3471 887 3520 dem
903 3468 1147 3521 Telamon
1162 3431 1250 3519 des

287 3537 453 3589 nnius.

306 3608 393 3658 40.
433 3623 555 3658 cum
578 3624 717 3658 re=
731 3623 851 3658 eum
873 3607 1244 3673 resamiliari.

242 3676 390 3728 Ovid.
418 3676 566 3728 Pont.
593 3676 680 3728 lv.
711 3675 797 3740 12,
822 3677 888 3726 47
917 3690 1017 3741 sq.:

247 3746 411 3800 Crede
456 3747 622 3796 milti.-
689 3749 912 3797 miseros
956 3744 1251 3812 prudentia

647 3817 836 3881 prima
859 3814 1120 3887 relinquit

307 3884 382 3937 Et
414 3898 600 3935 somus
638 3898 756 3933 cum
789 3899 849 3933 rc
873 3878 1255 3947 consiliumque

642 3951 912 4018 sumt-‘-

1248 3565 1255 3573 .
1333 3518 1543 3581 „kun-st,

1350 2430 1470 2482 Ter.
1510 2430 1643 2482 Eun.
1683 2430 1958 2495 11.2,102
1996 2434 2368 2485 simulcomi-

1350 2500 1482 2551 lium
1517 2517 1636 2551 cum
1662 2517 1721 2552 re
1743 2504 1969 2552 amisti?

1420 2591 1659 2654 antiquis
1688 2588 2055 2655 phalosophis,
2098 2604 2141 2637 s.
2188 2589 2292 2652 17,
2282 2589 2364 2638 36

1255 2662 1262 2669 '
1352 2657 1423 2706 in.

1419 2740 1686 2774 summum
1748 2725 1939 2774 bonum
1994 2739 2099 2774 non
2164 2724 2360 2774 dolere.

1351 2792 1541 2859 Epicur
1576 2791 1657 2842 bei
1683 2791 1831 2873 Diog.
1858 2791 1921 2841 L.
1949 2791 2020 2842 X.
2052 2791 2176 2845 128:
2222 2785 2364 2840 Τού-

1352 2878 1450 2912 του
1507 2854 1679 2927 χάριν
1739 2852 1965 2910 ἅπαντα
2015 2870 2361 2943 πραττομεν,

1352 2922 1505 2987 ὅπως
1557 2923 1696 2997 μήτε
1743 2924 1999 2997 ἀλγῶμεν
2042 2923 2185 3000 μήτε
2232 2942 2366 3000 ταρ-

1349 3000 1553 3068 βῶμεν.

1419 3082 1560 3119 nunc
1584 3070 1780 3131 omnia,
1820 3083 1892 3119 sc.
1914 3074 2184 3137 persequi.
2244 3067 2361 3134 Vgl.

1352 3137 1391 3189 Ι.
1426 3139 1508 3201 15,
1536 3137 1630 3187 34.
1659 3134 1766 3189 Sed
1790 3136 2177 3206 quidpoc'tas?

1420 3227 1476 3274 in
1503 3240 1578 3287 eo,
1608 3239 1682 3274 sc.
1710 3228 1766 3274 in
1793 3225 2036 3276 dolendo.

1422 3312 1507 3362 41.
1561 3311 1702 3376 Quid
1772 3314 2193 3376 tergiversamur
2261 3315 2361 3358 etc.

1355 3379 1507 3432 Sinn:
1549 3378 1715 3430 Wenn
1740 3379 1807 3428 du
1832 3394 1895 3430 an
1924 3379 2013 3429 der
2037 3378 2186 3428 ειιιειι
2206 3375 2364 3427 Stelle

1353 3450 1434 3500 die
1470 3449 1720 3514 voluptas
1756 3447 1912 3498 durch
1943 3463 2048 3497 non
2084 3445 2263 3496 dolere
2284 3460 2367 3496 ει·-

1584 3532 1643 3565 so
1682 3515 1791 3566 sind
1819 3516 1908 3567 das
1935 3531 2028 3566 nur
2050 3513 2360 3572 Ausffiichte,

1352 3587 1418 3636 da
1464 3586 1531 3636 du
1580 3600 1642 3634 an
1678 3584 1867 3635 andern
1903 3583 2096 3635 Stellen
2133 3596 2189 3632 es
2232 3580 2361 3633 offen

1351 3654 1605 3720 gestehst,
1634 3653 1752 3703 dass
1776 3653 1842 3703 du
1865 3653 1947 3703 dir
1971 3653 2239 3715 daruntcr,
2267 3650 2364 3700 wie

1346 3723 1499 3789 jeder
1543 3721 1777 3784 eludere,
1829 3737 1925 3771 nur
1970 3720 2213 3772 sinulichc
2264 3717 2364 3770 Ge-

1354 3791 1505 3842 niisse
1532 3789 1731 3840 denkst.

1424 3892 1483 3927 oc
1523 3875 1884 3942 perfidem’sti.
1952 3876 2020 3928 oe
2065 3874 2358 3941 (frontem,

1341 3945 1572 4013 faciem)
1605 3942 1784 4010 perfr.
1822 3944 1963 4010 ειμι.
2002 3944 2112 3996 sich
2148 3945 2238 3997 das
2263 3942 2364 3997 Ge-
