2784 4534
261 2407 376 2489 ‚15

297 2505 360 2556 31
380 2493 700 2556 *commode
732 2493 991 2571 dixerit,
1028 2517 1136 2560 nos
1158 2543 1176 2573 ,
1212 2516 1248 2570 e
1277 2518 1526 2578 quorum
1557 2497 1817 2561 fontibus
1846 2496 1906 2560 id
1936 2498 2210 2565 haustum
2243 2510 2368 2575 est,
2407 2520 2529 2562 non

406 270 527 332 132
1029 277 1278 333 LIBER
1307 275 1392 329 111.
1431 277 1514 341 14,
1548 275 1631 328 30.
1697 277 1779 343 15,
1813 277 1897 330 31.

400 527 601 610 quitur
640 525 975 608 EuripideS.

265 410 278 429 ᾗ
299 455 368 504 3ο
394 438 558 521 Quod
591 451 786 505 autem
810 432 1086 503 -Theseus
1116 459 1151 499 a
1181 438 1353 502 docto
1385 458 1452 501 se
1483 437 1721 501 audisse
1753 437 1926 513 dicit,
1977 436 2037 499 id
2077 437 2150 500 de
2181 457 2247 500 se
2275 438 2406 521 ipso
2437 439 2530 501 lo-

1068 524 1289 587 Fuerat
1346 523 1504 587 enim
1562 524 1796 587 auditor
1852 522 2287 606 Anaxagoram
2352 544 2529 606 quem

325 630 330 637 ·
403 614 599 675 femnt
659 611 924 674 nuntiata
983 621 1174 672 morte
1232 610 1338 674 filii
1398 610 1667 672 dixisse:
1748 609 2030 673 Sciebam
2088 631 2182 673 me
2228 615 2530 694 genuisse

400 699 742 760 mortalem.
794 697 954 776 Quae
983 718 1108 760 vox
1138 696 1420 772 declarat,
1455 694 1531 758 iis
1563 714 1698 758 esse
1729 695 1875 758 haec
1897 694 2128 772 acerba,
2164 694 2375 779 quibus
2405 715 2530 805 ⁰⁰¹¹.

400 784 620 846 fuerint
649 783 923 866 cogitata.

567 869 730 951 Ergo
761 869 820 931 id
852 868 1085 951 quidem
1117 887 1236 931 non
1267 866 1540 943 dubium,
1591 867 1731 948 quin
1762 866 1997 942 omnia,
2042 872 2192 949 quae
2236 867 2391 931 mala
2420 889 2530 951 pu-

398 964 603 1026 tentur
624 1001 639 1031 ,
689 954 809 1017 sint
850 954 1174 1038 improvisa
1217 952 1517 1035 graviora.
1594 950 2182 1035 Itaque-quamquam
2229 974 2350 1016 non
2380 955 2529 1016 haec

400 1061 520 1103 una
548 1061 649 1102 res
683 1041 854 1102 efficit
883 1039 1203 1102 maximam
1245 1037 1709 1120 aegritudinem,
1759 1048 1995 1114 tamen,
2058 1039 2334 1120 quoniam
2376 1040 2529 1101 mul-

398 1137 521 1187 tum
566 1134 762 1208 potest
806 1125 1069 1209 provisio
1115 1124 1299 1186 animi
1345 1133 1406 1185 et
1435 1123 1803 1206 praeparatio
1848 1123 1920 1186 ad
1949 1122 2328 1188 minuendum
2361 1125 2529 1187 dolo-

396 1230 560 1285 rem,
597 1211 717 1272 sint
748 1230 980 1294 semper
1010 1210 1209 1273 omnia
1238 1208 1462 1272 homini
1493 1208 1748 1271 humana
1778 1210 2079 1272 meditata.
2138 1210 2216 1273 Et
2246 1210 2530 1274 nimirum

402 1297 546 1358 haec
575 1305 668 1358 est
697 1295 800 1359 illa
830 1307 1140 1380 praestans
1171 1306 1232 1356 et
1260 1295 1461 1358 divina
1484 1295 1808 1377 sapientia,
1866 1304 1929 1357 et
1957 1307 2259 1379 perceptas
2290 1297 2526 1379 penitus

337 1426 342 1435 ,
401 1392 461 1443 et
490 1392 875 1465 pertractatas
905 1403 1006 1445 res
1039 1381 1323 1445 humanas
1355 1379 1571 1455 habere
1589 1425 1606 1455 ,
1658 1378 1806 1442 nihil
1837 1379 2158 1457 admirari,
2210 1402 2386 1464 quum
2430 1403 2529 1444 ac-

399 1468 642 1544 ciderit,
680 1467 825 1531 nihil
845 1514 862 1544 ,
897 1478 1210 1550 autequam
1241 1465 1547 1541 evenerit,
1582 1487 1703 1528 uon
1732 1468 1979 1531 evenire
2009 1487 2186 1550 posse
2217 1467 2525 1531 arbitrari.
2634 1485 2640 1491 ·

492 1553 894 1644 Quamobrem
928 1552 1132 1617 omnes
1150 1602 1166 1632 ‚
1203 1573 1385 1639 quum
1416 1548 1726 1614 seczin‘dae
1755 1575 1857 1615 res
1883 1563 2027 1616 sunt
2053 1552 2363 1629 maxume,
2401 1563 2530 1616 tum

2047 1636 2335 1701 ma'oeume

485 1706 801 1789 Meditari
837 1747 1041 1789 secum
1087 1722 1366 1809 oporiet,
1414 1745 1533 1808 quo
1568 1734 1756 1808 pacto
1798 1722 2123 1790 advorsum
2169 1723 2528 1788 aerumnam

2032 1809 2286 1895 serant.

482 1893 740 1969 Pericle
759 1944 775 1970 ,
813 1896 1039 1958 damna
1059 1880 1334 1980 pe'regie
1364 1894 1616 1965 rediens
1642 1895 1888 1979 se'mper
1913 1917 2114 1959 secum
2147 1894 2386 1979 cogitet

484 1980 630 2046 Aut
645 1978 770 2063 sili
783 1994 1110 2066 peccatum
1142 1981 1254 2043 mit
1283 1983 1512 2042 moris·
1539 1977 1795 2042 mortem
1825 1991 1940 2044 aut
1965 1974 2477 2062 morbumfi'liae,

487 2064 849 2129 Commzinia
884 2088 1020 2128 esse
1060 2064 1251 2142 llaec,
1314 2064 1394 2127 ne'
1430 2065 1586 2149 quid
1626 2064 1844 2128 horam
1893 2088 2175 2152 umquam
2220 2065 2474 2129 a'ccidat

2049 2150 2252 2214 animo
2272 2174 2521 2215 novom.

493 2232 805 2320 Quicquid
821 2246 1090 2320 praeter
1118 2257 1284 2320 spem
1316 2235 1558 2314 eveniat
1575 2281 1591 2308 ‚
1640 2258 1813 2300 omne
1855 2237 1926 2299 id
1943 2224 2272 2324 'deputare
2300 2259 2432 2300 esse
2461 2235 2528 2301 in

2049 2326 2224 2387 lucro
2235 2368 2248 2386 .

551 2407 728 2490 'Ergo
760 2406 899 2482 ‚hoc
949 2407 1265 2474 Terentius
1325 2431 1361 2472 a
1418 2410 1786 2496 philosophia
1846 2421 2139 2503 sumptum
2186 2432 2362 2496 quum
2406 2422 2527 2476 tam

312 2652 328 2670 Ι
399 2588 457 2642 et
488 2578 750 2642 dicemus
782 2581 891 2644 hoc
921 2581 1134 2645 melius
1182 2590 1243 2644 et
1271 2583 1639 2646 constantius
1676 2583 2048 2648 sentiemus?
2106 2585 2214 2648 Hic
2248 2596 2339 2647 est
2368 2586 2526 2649 enim

461 2781 547 2830 30.
585 2781 970 2845 Anaoeagorae,
990 2795 1033 2830 s.
1056 2779 1405 2845 zu1.43,104.

459 2847 949 2913 iis›rest1·ingir·end:
993 2864 1134 2915 „nur
1157 2850 1381 2901 deneu“.

392 2917 670 3033 θεέαἰὸιιε.
701 2914 817 2979 vgl.
840 2916 901 2986 ll.
927 2917 974 2979 1,
991 2917 1042 2965 2:
1069 2920 1208 3013 mihi
1218 2920 1409 2969 habita

460 3050 755 3115 meditata,
809 3053 1010 3117 passim
1061 3055 1157 3104 wie
1209 3056 1298 3119 11,
1342 3056 1410 3106 24

393 3122 675 3185 opinatus,
717 3123 787 3170 ist
821 3121 904 3170 bei
930 3120 1109 3171 Cicero
1143 3124 1263 3173 sehr
1287 3124 1411 3174 hiu-

392 3188 488 3252 ἧς,
531 3205 579 3239 z.
604 3188 663 3238 Β.
704 3189 767 3242 de
792 3204 900 3239 sen.
930 3189 1015 3254 20,
1047 3191 1140 3239 74:
1182 3193 1282 3242 hoc
1303 3209 1411 3244 me-

393 3258 634 3308 ditatum
692 3259 761 3308 ab
822 3257 1187 3309 adolescentia
1257 3260 1413 3312 debet

393 3327 522 3376 eise.
550 3368 559 3392 ,ι
586 3324 653 3377 So
691 3328 819 3377 auch
862 3327 957 3389 15,
996 3327 1062 3376 32
1106 3329 1410 3394 praemedi-

321 3411 327 3417 ·
393 3400 566 3446 tatus.

452 3469 740 3531 perceptas
780 3467 1000 3530 penitus
1037 3470 1092 3514 et
1128 3471 1404 3531 pov-tract.

389 3532 501 3593 Deu
550 3531 742 3597 Begriff
791 3548 889 3595 yon
928 3536 1149 3598 penitas
1199 3534 1276 3597 (in
1325 3535 1407 3587 dic

388 3598 535 3652 Tiel'e
572 3600 768 3666 hincin)
792 3601 1050 3651 verstiirkt
1077 3602 1256 3654 Cicero
1281 3619 1405 3669 geru

387 3670 543 3721 durch
595 3669 883 3736 Composita
928 3670 1020 3721 mit
1060 3687 1196 3739 pem
1245 3688 1302 3724 so
1343 3674 1406 3724 de

387 3738 474 3790 fin.
515 3737 580 3789 V.
623 3739 707 3803 16,
744 3740 813 3788 44
842 3744 1061 3805 penitus
1092 3743 1407 3808 pervidere;

388 3806 450 3858 de
486 3815 615 3858 orat.
656 3805 696 3857 1.
744 3809 795 3873 5,
827 3810 889 3858 17
927 3824 1279 3876 pernoscerm
1315 3796 1401 3877 20,

388 3874 464 3947 92-
472 3879 795 3943 perspicere.

455 3945 594 3994 nihil
615 3944 886 3999 admirari
903 3970 974 3991 =
999 3949 1153 4000 nulla
1179 3965 1254 4012 re,
1296 3954 1407 4001 sive

1515 2782 1659 2832 laeta
1685 2785 1792 2832 sive
1818 2785 1985 2845 tristi,
2005 2782 2336 2831 vehementer
2360 2782 2524 2845 affici,

1514 2850 1637 2900 Hor.
1667 2850 1818 2917 epist.
1845 2850 1886 2900 1.
1917 2852 1966 2914 6,
1998 2851 2057 2901 1:
2341 2909 2354 2921 ἡ

1510 2918 1608 2970 Nil
1652 2920 1920 2970 admirari
1946 2935 2119 2986 prope
2153 2935 2238 2969 res
2276 2925 2362 2969 est
2395 2935 2522 2983 uua,

1910 2987 2142 3052 Numici,

1465 3102 1472 3109 .
1514 3055 1762 3122 Solaque,
1783 3070 1920 3123 quae
1935 3059 2122 3123 possit
2129 3058 2324 3123 facere
2347 3062 2531 3109 deor-⁸

1912 3142 2037 3177 vare
2063 3127 2295 3176 beatum.

1582 3208 1687 3243 non
1726 3197 1931 3245 evenire
1962 3210 2149 3261 posse,
2207 3192 2303 3249 fiir,
2323 3198 2529 3246 evenire

1509 3276 1617 3311 non
1634 3266 1794 3328 posse
1810 3300 1824 3323 ,
1864 3278 2040 3328 wegen
2066 3264 2156 3315 des
2179 3278 2529 3329 vorangegan-

1511 3345 1672 3395 genen
1711 3332 1872 3396 nihil,
1918 3347 1982 3382 an
2017 3332 2236 3383 welches
2275 3333 2381 3384 sich
2422 3346 2529 3384 nen

1509 3400 1777 3464 moglichst
1811 3401 1940 3451 nahe
1965 3400 2284 3452 anschliesst.
2346 3400 2414 3452 Sd
2443 3403 2525 3468 16,
2632 3408 2637 3411 “

1512 3468 1608 3518 34;
1648 3469 1785 3519 nihil
1808 3483 1947 3533 esse,
1990 3469 2264 3536 quod‘non
2289 3470 2529 3522 accidere

1506 3541 1714 3602 parsit,-
1748 3537 1893 3589 Brut.
1942 3538 2037 3598 37,
2082 3539 2210 3589 140:
2252 3539 2388 3590 nihil
2420 3547 2526 3590 non

1511 3605 1585 3656 ad
1608 3608 1876 3657 rationem
1904 3630 1964 3645 -—
1994 3607 2282 3674 dirigebat.
2327 3604 2443 3671 vgl.
2470 3619 2522 3674 p.

1510 3673 1682 3725 Plane.
1724 3675 1773 3739 9,
1802 3676 1897 3737 22:
1936 3676 2106 3728 Nemo
2142 3677 2380 3743 Arpinas
2419 3674 2548 3727 ποκ’

1507 3743 1729 3794 Plancio
1751 3746 1987 3796 studuit.

1581 3812 1936 3877 Quamobrem
1980 3822 2104 3877 etc„
2156 3813 2278 3864 Ter.
2321 3812 2520 3864 Phorm.

1508 3879 1573 3930 11.
1619 3882 1665 3944 1,
1712 3882 1768 3931 11
1808 3896 1940 3948 sqq„
1981 3899 2077 3934 von
2117 3880 2298 3933 Cicero
2332 3883 2523 3948 jedoch

1509 3949 1649 4000 nicht
1677 3964 1806 4014 ganz
1832 3951 2064 4002 wortlich
2089 3950 2248 4002 citirt.
