2784 4534
291 2032 308 2061 θ

435 269 558 332 102
689 290 692 295 ·
1073 320 1080 331 .
1154 279 1729 346 L1BER11.21,48,.
1761 280 1846 333 49.

2191 367 2206 395 1

431 440 684 505 rationis
716 451 808 505 est
837 440 1128 539 particeps
1146 486 1162 516 ,
1199 394 1388 504 altera
1420 434 1670 525 expers.
1740 438 1930 523 Quum
1963 439 2147 522 igitur
2177 438 2569 522 praecipitur,

431 538 498 590 ut
515 526 866 596 nobismet
849 526 996 609 ipsis
1026 527 1386 626 imperemus
1406 574 1423 603 ,
1458 527 1570 589 hoc
1601 525 1981 625 praecipitur,
2017 535 2081 587 ut
2109 524 2264 591 ratio
2298 531 2578 588 coerceat

323 650 328 657 -
432 612 853 676 temeritatem.
948 612 1118 676 Est
1101 634 1165 675 ιιι
1195 612 1422 677 animis
1469 612 1730 676 omnium
1772 613 1900 675 fere
1945 622 2159 674 natura
2188 610 2367 673 molle
2402 611 2595 693 quid-·

434 700 568 763 dam
588 745 607 775 ,
654 698 988 765 demissum
994 741 1010 773 ,
1059 697 1317 775 humile,
1368 709 1716 763 enervatum
1762 696 2191 779 quodammodo
2237 708 2298 759 et
2340 697 2576 780 langui-

433 786 592 849 dum.
672 784 738 846 Si
767 783 917 847 nihil
946 795 1108 848 esset
1137 784 1332 861 aliud,
1381 783 1531 847 nihil
1567 795 1728 848 esset
1759 783 1997 848 homine
2027 782 2373 847 deformius.
2456 783 2578 845 Sed

432 880 670 954 praesto
703 880 795 934 est
823 869 1061 935 domina
1091 866 1356 939 omnium
1386 879 1449 932 et
1476 870 1719 969 regina,
1756 868 1957 944 ratio,
1994 889 2143 950 quac
2174 869 2437 931 connixa
2464 888 2578 968 per

438 976 508 1018 se
537 967 597 1018 et
625 974 944 1040 progressa
974 956 1210 1040 longius
1241 956 1307 1020 fit
1336 957 1601 1039 perfecta
1627 956 1842 1019 virtus.
1914 955 2077 1018 Haec
2108 966 2174 1017 ut
2200 954 2456 1038 imperet
2484 952 2576 1017 illi

330 1056 399 1106 48
431 1042 585 1127 parti
615 1042 832 1117 animi,
886 1063 1036 1123 quae
1068 1042 1308 1104 obedire
1334 1041 1531 1117 debet,
1567 1041 1627 1103 id
1657 1041 1975 1105 videndum
2007 1051 2099 1105 est
2126 1040 2283 1103 viro.
2304 1076 2387 1088 --
2414 1040 2577 1119 Quo·
2612 1084 2631 1092 -

409 1150 571 1195 ,nam
601 1126 867 1191 modo?
849 1127 1129 1208 inquies.
1142 1164 1227 1177 -—
1268 1127 1380 1191 Vel
1410 1130 1478 1189 ut
1507 1127 1781 1195 dominus
1814 1146 2027 1203 servo,
2077 1126 2179 1188 vel
2221 1138 2286 1189 ut
2315 1126 2576 1209 impera-

431 1225 530 1276 tor
559 1213 769 1288 militi,
804 1212 923 1275 vel
933 1223 999 1274 ut
1029 1232 1246 1295 parens
1275 1213 1423 1277 filio.
1505 1212 1571 1275 St
1596 1211 1942 1312 turpissime
1988 1231 2054 1274 se
2084 1212 2189 1275 illa
2219 1233 2356 1294 pars
2388 1212 2576 1277 animi

431 1309 643 1398 geret,
692 1319 866 1380 quam
910 1297 1037 1361 dixi
1081 1318 1218 1362 esse
1262 1299 1543 1375 mollem·
1590 1299 1643 1362 si
1674 1318 1741 1362 se
1772 1297 2048 1361 lamentis
2079 1297 2457 1360 muliebriter
2486 1298 2577 1361 la-

379 1432 385 1440 ·
434 1384 752 1466 crimisque
798 1384 1006 1446 dedet.
1052 1383 1353 1449 vinciatur
1395 1395 1455 1446 et
1500 1384 1945 1467 constringatur
1975 1383 2303 1447 amicorum
2333 1380 2576 1468 propin-

431 1490 796 1569 quorumque
826 1468 1135 1534 custodiis
1216 1470 1407 1554 Saepe
1437 1470 1594 1533 enim
1624 1469 1893 1532 videmus
1938 1470 2159 1533 fmctos
2190 1470 2437 1552 pudore,
2474 1469 2578 1553 qui

433 1557 678 1619 ratione
700 1556 864 1619 nulla
891 1556 1297 1621 vincerentur.
1374 1558 1537 1639 Ergo
1568 1555 1675 1619 hos
1707 1550 1983 1638 quidem,
2015 1567 2081 1618 ut
2106 1556 2403 1633 famuloS,
2436 1557 2575 1619 vin-
2642 1554 2647 1561 ’

436 1642 544 1706 elis
584 1662 771 1725 prope
811 1663 881 1704 ac
924 1641 1228 1720 custodia,
1292 1642 1392 1724 qui
1434 1653 1630 1705 autem
1676 1652 1853 1704 erunt
1892 1641 2188 1705 firmiores
2233 1662 2342 1705 nec
2371 1651 2576 1707 tamen

436 1727 875 1803 robustissimi,
925 1729 1034 1792 bos
1065 1728 1369 1792 admonitu
1400 1727 1730 1811 oportebit,
1767 1738 1833 1791 ut
1861 1725 2048 1791 bonos
2089 1727 2311 1792 milites
2329 1774 2346 1804 ,
2394 1748 2575 1792 revo-

431 1826 598 1878 catos
631 1813 978 1899 dignitatem
1007 1814 1187 1877 tueri.
1912 1849 1923 1857 ’

606 1933 740 1996 Νοιι
771 1932 949 1999 nimis
979 1933 1042 1994 iu
1082 1933 1310 2017 Niptris
1353 1934 1458 1996 ille
1489 1932 1962 2016 sapientissimus
1997 1932 2283 1996 Graeciae
2332 1932 2571 1997 saucius

435 2021 826 2095 lamentatur,
866 2019 965 2081 vel
996 2019 1224 2118 modice
1255 2020 1484 2103 potius·

607 2137 1025 2214 Pedett‘ntim,
1061 2138 1286 2236 inquit,
1324 2149 1387 2202 et
1414 2136 1632 2202 sedato
1663 2140 1847 2200 m‘su!

606 2224 681 2287 N
677 2244 1038 2368 elsuecussa
1061 2212 1334 2346 ‹zi-repetit
1362 2227 1567 2288 maior

609 2310 710 2374 Do
740 2328 816 2370 or
908 2352 923 2368 .
1024 2353 1037 2369 .
1136 2355 1152 2370 .

335 2443 407 2493 49
439 2426 758 2511 (Pacuvius
803 2426 913 2490 hoc
956 2427 1168 2492 melius
1212 2448 1385 2510 quam
1431 2428 1808 2512 Sophocles,
1854 2429 2007 2512 apud
2033 2380 2203 2491 illum
2250 2429 2408 2492 enim
2440 2450 2573 2513 per-

437 2662 489 2694 ιι.
520 2644 614 2706 36,
659 2642 756 2691 132
794 2641 966 2691 nimmt
993 2640 1173 2692 Cicero
1203 2658 1297 2692 nur
1322 2643 1451 2692 zwei
1556 2643 1734 2706 sucbt3
1776 2659 1831 2692 so
1858 2644 1919 2692 de
1946 2642 2032 2693 fin.
2060 2640 2124 2693 V.
2159 2643 2241 2706 15,
2270 2643 2364 2691 42:
2398 2642 2572 2707 Quum

438 2713 618 2764 Theile
668 2712 760 2761 der
806 2710 951 2762 Seele
1003 2725 1097 2760 an:
1174 2714 1451 2778 appetitus
1556 2717 1740 2761 autem
1774 2712 2024 2778 paullum
2056 2713 2361 2775 firmitatis
2400 2728 2576 2761 acces-

438 2777 630 2852 (ὁρμή)
681 2780 783 2830 und
832 2783 979 2831 ratio
1030 2780 1111 2830 od.
1166 2783 1450 2862 cogitatio!
1555 2784 1708 2877 serit,
1738 2784 2100 2831 connituntur
2118 2779 2344 2845 (parvi),
2374 2785 2576 2839 uta-ese

438 2844 643 2901 Ebenso
670 2850 789 2929 ging
808 2847 950 2900 Plato
974 2865 1072 2900 von
1099 2849 1210 2899 dem
1234 2842 1454 2916 λογικον
1557 2853 1803 2916 erz'gann
1854 2849 2003 2899 CaeS.
2032 2849 2083 2899 b.
2113 2849 2229 2901 c.1.
2257 2849 2352 2899 46·
2408 2850 2577 2915 Equi-

383 2972 394 2983 &
435 2921 538 2969 und
576 2920 686 2968 dem
719 2910 916 2983 ’ἄλογον
948 2934 1070 2982 ausi,
1113 2919 1286 2969 schied
1323 2919 1456 2969 letz-
1559 2923 1710 2968 tatus
1741 2947 1800 2955 ——
1827 2934 2097 2969 summum
2143 2933 2198 2967 m
2244 2921 2434 2984 iugum
2471 2921 2576 2968 vir-

437 2996 575 3038 teres
624 2987 750 3036 §ber
793 2987 985 3037 wieder
1015 2987 1077 3036 in
1117 2981 1177 3036 τὸ
1210 2982 1457 3056 θυμικόν
1548 2992 1680 3043 ,tute
1704 2991 2045 3039 connititur.

437 3056 542 3106 und
578 3048 639 3104 τὸ
677 3049 1114 3123 ἐπυθυμητικόν,·
1159 3071 1202 3104 5.
1245 3055 1373 3107 oben
1411 3056 1451 3106 1.
1625 3056 1713 3105 48.
1760 3047 2042 3107 cies-tediis.
2130 3004 2575 3107 Wahrscbeiulicb

442 3126 524 3188 10,
555 3124 639 3174 20.
956 3146 960 3155 ·
1559 3124 1672 3173 eine
1696 3124 2010 3191 Auspielung·
2032 3123 2128 3174 auf
2145 3124 2276 3190 legg.
2306 3122 2405 3175 ΧΠ
2429 3124 2572 3175 tahh.

511 3195 957 3244 tmeritatemae
972 3185 1032 3241 τὸ
1058 3182 1290 3256 cll-oyem·
1324 3193 1453 3243 nach
1560 3194 1610 3256 5,
1653 3192 1834 3269 fragm.
1876 3194 1903 3242 7
1936 3193 2180 3257 (Dirksen
2212 3210 2265 3260 p.
2292 3193 2408 3247 369
2432 3209 2512 3260 sq.
2518 3193 2571 3258 ):

441 3277 653 3314 unserer
735 3258 1291 3322 Auschauungsweise.
1374 3261 1455 3313 die
1558 3261 1650 3312 Sei
1669 3254 1961 3327 ,Γοίινίοεω
1995 3268 2099 3312 aut
2128 3263 2382 3328 prodicos
2422 3267 2571 3327 escit,

442 3329 799 3381 Sinnlichkeit.
851 3328 969 3392 Vgl.
1010 3329 1072 3378 de
1099 3327 1258 3378 divin.
1296 3327 1336 3378 1.
1367 3330 1454 3394 29,
1557 3331 1913 3381 adcnatorom
1934 3332 2307 3405 centiliomquc
2334 3347 2448 3382 ems
2469 3348 2575 3399 po-

442 3402 537 3451 61·
568 3400 775 3450 duab'us
803 3401 973 3448 animi
1001 3400 1304 3448 temerariis
1323 3413 1458 3465 par-
1560 3405 1732 3451 testas
1783 3399 1954 3450 estod.
2018 3405 2113 3452 ast
2158 3406 2212 3449 ez
2253 3406 2436 3450 custos
2485 3417 2577 3451 nec

443 3471 589 3521 tibus
639 3470 980 3535 compa-esser,
1031 3471 1097 3517 ut
1140 3465 1238 3515 illa
1289 3470 1456 3517 tertia
1559 3470 1706 3519 escit.

435 3554 572 3611 pars
597 3539 831 3587 rationis
859 3540 916 3586 et
934 3538 1129 3590 mentis
1155 3535 1381 3586 eluceat.
1625 3538 1773 3603 Ergo
1799 3538 1895 3588 hoc
1921 3537 2151 3604 quidem,
2181 3537 2346 3604 suppl.
2375 3542 2576 3589 vincia-

510 3604 577 3658 ‘Si
598 3606 738 3656 nihil
760 3610 901 3655 esset
921 3602 1448 3668 al„nil1ilesset—,
1556 3621 1677 3656 mus
1716 3610 1773 3657 et
1808 3606 2265 3673 constringamus
2313 3606 2575 3667 Aehnlich

441 3693 484 3726 5.
527 3674 614 3725 111.
643 3674 730 3738 31,
760 3675 822 3724 75
865 3691 929 3724 zu
964 3689 1126 3740 quam
1162 3674 1255 3724 diu
1292 3672 1452 3734 vivit,
1557 3673 1680 3726 Hor.
1731 3674 1878 3740 epist.
1917 3674 1957 3725 Ι.
1999 3675 2049 3738 2,
2091 3675 2156 3725 63
2202 3690 2318 3725 vom
2360 3680 2576 3726 animus

441 3748 583 3795 via-it
606 3747 663 3793 in
679 3743 858 3794 tuctu.
1556 3741 1675 3805 (der
1716 3712 2133 3807 Leideuscha’ft):
2196 3745 2336 3794 hunc
2366 3746 2572 3810 frmi-5,

511 3815 739 3865 connixa
762 3827 863 3879 per
884 3822 979 3863 cc!
992 3812 1208 3865 Conniti
1221 3812 1455 3862 bezeicb-
1558 3813 1699 3862 hunc
1724 3818 1786 3863 tu
1813 3828 2081 3878 compesce
2104 3818 2314 3864 eatena.

441 3890 528 3933 net
552 3879 1210 3945 dieAnstrengungdessen,
1241 3881 1332 3931 der
1345 3882 1453 3932 sich
1622 3885 1679 3931 in
1719 3880 1955 3963 Niptm.
2025 3878 2109 3933 Τὰ
2142 3884 2336 3952 Nature
2341 3898 2378 3930 a
2412 3882 2574 3946 („das

441 3964 509 4001 zu
555 3950 776 4000 erheben
825 3951 930 4001 un‘d
985 3949 1452 4016 emporzuarbeiten
1557 3948 1685 3999 Bad‘
1693 3950 1733 4010 ‘)
1794 3940 1830 4014 ἢ
1871 3943 2168 4007 Ὀδυσσεὺς
2216 3899 2576 4016 ακανθυπληξ
