2784 4534
1044 276 1294 330 Lmen
1325 277 1364 329 1.
1398 279 1484 345 25,
1503 279 1601 331 ez.
2173 290 2176 293 ’
2316 274 2397 337 39

236 437 587 535 capacitas?
630 435 726 499 An
755 436 1049 520 imprimi,
1085 439 1255 520 quasi
1286 456 1506 513 ceram,
1539 437 1800 503 animum
1832 451 2128 522 putamuS,
2168 453 2231 504 et
2260 406 2397 508 esse

237 542 601 587 memoriam
632 522 1004 606 signatarum
1033 543 1236 589 rerum
1278 524 1343 588 in
1374 534 1574 587 mente
1604 523 1904 609 vestigia?
1953 524 2119 603 Quae
2148 539 2400 610 possunt

235 608 570 677 verborum
590 653 607 683 ‚
646 627 798 690 quae
827 628 1031 672 rerum
1061 609 1324 692 ipsarum
1356 628 1494 674 esse
1522 608 1827 694 vestigia?
1884 632 2038 692 quae
2066 632 2247 693 porro
2277 624 2400 676 tam

239 694 548 757 immensa
576 692 920 777 magnitudo
940 740 958 770 ,
996 714 1150 777 quae
1179 695 1284 758 illa
1311 706 1434 758 tam
1465 693 1649 757 niulta
1680 692 1870 777 possit
1900 697 2177 779 effingere
2196 699 2228 760 ‘t

422 778 620 857 Quid?
658 779 762 842 illa
800 778 895 843 vis
942 800 1093 862 quae
1124 780 1361 843 tandem
1408 790 1535 855 est,
1589 800 1741 862 quae
1783 778 2111 862 investigat
2140 783 2389 860 occulta,

238 885 402 947 quae
445 864 718 927 inventio
749 876 927 947 atque
959 865 1321 949 excogitatio
1365 863 1620 928 dicitur?
1662 885 1744 928 ex
1788 866 1973 928 haene
2015 864 2125 927 tibi
2156 878 2398 931 terrena

236 948 609 1032 mortalique
638 961 855 1015 natura
895 961 960 1012 et
988 951 1206 1015 caduca
1236 961 1516 1014 concreta
1546 969 1618 1013 ea
1646 950 1929 1015 videtur?
2015 962 2116 1014 aut
2147 952 2248 1034 qui
2261 952 2400 1035 pri·
2430 965 2494 1015 62

239 1057 384 1100 mus
404 1082 421 1113 ,
467 1036 622 1118 quod
653 1055 919 1123 summae
950 1036 1280 1120 sapientiae
1311 1036 1356 1098 P
1401 1037 1685 1120 thagorae
1715 1036 1914 1100 visum
1943 1046 2073 1111 est,
2123 1036 2396 1101 omnibus

239 1121 431 1185 rebus
462 1120 746 1203 imposuit
774 1121 1058 1185 nomina?
1085 1132 1190 1185 aut
1219 1122 1320 1204 qui
1389 1121 1671 1203 issipatos
1703 1120 1975 1185 homines
2006 1122 2396 1207 congregavit

239 1219 307 1270 et
337 1207 415 1270 ad
447 1205 794 1297 societatem
824 1207 985 1277 vitae
1016 1207 1411 1275 convocavit?
1455 1217 1556 1270 aut
1588 1207 1688 1289 qui
1718 1228 1900 1271 sonos
1931 1206 2097 1271 vocis
2119 1254 2135 1285 ,
2174 1207 2274 1290 qui
2305 1208 2397 1270 in-

242 1292 404 1355 finiti
452 1291 810 1355 videbantur
826 1339 844 1369 ,
895 1292 1095 1375 paucis
1138 1292 1472 1356 litterarum
1512 1291 1671 1356 notis
1720 1291 2105 1357 terminavit?
2154 1305 2257 1356 aut
2298 1294 2400 1375 qui

242 1378 582 1443 errantium
613 1377 919 1443 stellarum
964 1375 1205 1455 cnrs‘us,
1254 1378 1744 1462 praegressiones
1789 1377 2256 1460 institionesque
2293 1401 2401 1441 no-

243 1464 448 1528 tavit?
508 1463 729 1527 Omnes
761 1463 995 1546 magni3
1046 1463 1226 1533 etiam
1256 1464 1634 1547 superiores,
1677 1463 1777 1545 qui
1807 1464 2050 1546 fruges}
2084 1463 2184 1546 qui
2211 1462 2399 1528 vesti-

245 1562 376 1613 tum
396 1596 431 1626 ,Α
452 1549 551 1631 qui
578 1559 731 1613 tecta
752 1594 769 1625 ,
805 1549 905 1631 qui
935 1549 1153 1612 cultum
1184 1549 1345 1613 vitae
1365 1596 1383 1626 ,
1421 1549 1521 1632 qui
1551 1548 1849 1632 praesidia
1880 1558 2088 1611 contra
2116 1550 2276 1614 feras
2307 1549 2400 1611 in-

246 1646 551 1698 venerunt
569 1660 588 1696 2
623 1657 659 1698 a
690 1634 899 1717 quibus
929 1635 1316 1699 mansuefacti
1343 1647 1406 1697 et
1436 1633 1654 1701 exculti
1688 1656 1724 1697 a
1753 1632 2113 1697 necessariis
2131 1634 2398 1699 artificiis

248 1722 326 1787 ad
358 1721 733 1804 elegantiora
761 1720 1142 1783 defluximus.
1231 1719 1382 1784 Nam
1432 1730 1494 1781 et
1536 1718 1776 1782 auribus
1824 1717 2140 1781 oblectatio
2184 1740 2403 1800 magna

250 1818 426 1890 parta
456 1817 551 1870 est
567 1853 585 1883 ,
635 1806 883 1869 inventa
927 1816 988 1867 et
1029 1815 1360 1888 temperata
1403 1803 1698 1868 varietate
1744 1814 1804 1864 et
1833 1813 2046 1866 natura
2089 1825 2396 1880 sonorum,

250 1904 316 1955 et
357 1903 524 1957 astra
564 1890 981 1974 suspeximus,
1035 1911 1211 1973 quum
1258 1910 1366 1967 ea,
1403 1909 1565 1971 ,quae
1611 1899 1749 1954 sunt
1794 1887 1984 1950 infixa
2013 1889 2192 1953 certis
2223 1888 2394 1964 lociS‚

248 1989 380 2040 tum
410 1977 517 2041 illa
547 1999 667 2041 non
697 1996 803 2054 re,
854 1977 961 2063 sed
989 1975 1277 2040 vocabulo
1306 1974 1597 2043 errantia.
1677 1972 1937 2052 Quorum
1971 1973 2399 2039 conversiones

253 2150 430 2212 defin.
472 2148 515 2200 Ι.
546 2150 596 2212 7,
624 2149 722 2198 25:
777 2148 922 2200 Nam
945 2152 997 2199 si
1032 2148 1286 2209 concede<

254 2224 432 2281 retur,
466 2221 684 2268 etiamsi
703 2218 778 2268 ad
802 2230 996 2283 corpus
1022 2218 1160 2267 nihil
1184 2234 1278 2267 re·

240 2289 325 2354 se
339 2302 415 2337 ra
434 2293 508 2337 tu
524 2303 584 2349 r,
627 2290 737 2336 ista
761 2302 863 2336 sua
886 2292 1080 2351 sponte
1103 2291 1159 2336 et
1173 2302 1279 2351 per

254 2373 313 2406 se
352 2371 466 2405 esse
500 2355 766 2418 iucunda,
812 2370 916 2421 per
950 2370 1007 2403 se
1046 2359 1187 2404 esset
1225 2358 1282 2404 et

255 2428 434 2474 virtus
485 2429 542 2474 et
599 2427 835 2490 cognitio
887 2438 1072 2472 reram
1122 2438 1279 2489 exepe-

1378 2218 1658 2267 scribitur.

1454 2284 1630 2368 Quid?
1676 2284 1773 2334 illa
1814 2287 1892 2334 vis
1929 2291 2029 2334 etc.
2083 2299 2127 2334 s.
2167 2283 2194 2347 §
2233 2284 2296 2333 57
2336 2299 2402 2332 zu

1373 2369 1638 2420 prunum.

1365 2147 1674 2215 familiari,
1742 2150 1840 2212 qni
1888 2147 2262 2198 Oeconomicus
2319 2148 2401 2194 in-
2493 2146 2502 2151 '

255 2492 444 2543 tenda.

328 2580 430 2628 hoc
450 2604 522 2614 —
547 2577 691 2627 caelo
729 2579 905 2628 deutet
940 2591 1037 2640 an,
1088 2589 1281 2626 warum

258 2647 350 2697 das
378 2645 715 2697 Gediichtniss
752 2646 869 2697 kein
902 2643 1281 2695 irdischesEr-

257 2715 501 2780 zeugniss
526 2714 633 2764 sein
663 2716 847 2765 konne.

260 2820 269 2835 ¹
328 2802 414 2851 61.
455 2803 700 2865 imprimi
719 2828 788 2837 —
812 2805 1071 2851 animum.
1113 2798 1283 2849 Eben·

259 2886 318 2919 so
357 2870 421 2920 ad
456 2867 579 2919 fam.
617 2867 681 2919 V.
711 2869 796 2933 20,
829 2872 891 2920 5:
933 2870 1081 2934 Quae
1118 2883 1283 2934 quum

258 2938 493 2988 viderem
534 2942 624 2987 tot
643 2942 881 3004 vestigiis
909 2942 1173 3003 impressa
1199 2933 1286 2985 fiir

262 3008 355 3057 das
381 3006 1004 3073 gewiihnlicherequibus
1030 3008 1285 3056 totvesti-

254 3079 355 3142 gia
388 3078 682 3141 impressa,
726 3075 834 3125 also
875 3075 999 3124 nach
1034 3073 1282 3137 Analogie

260 3145 356 3195 der
426 3143 692 3211 doppelten

261 3211 436 3264 Verba
460 3212 728 3280 adspergo
754 3220 853 3263 etc.
878 3212 881 3215 ’

330 3297 682 3364 magnitudo,
712 3314 786 3348 sc.
814 3301 1103 3349 memoriae
1127 3299 1289 3362 quasi

263 3367 486 3417 tabulae
511 3383 727 3429 cereae,·
765 3382 937 3433 qua-e
958 3392 1030 3403 —
1047 3367 1290 3431 pouit

263 3435 623 3502 effingere
668 3428 756 3485 ffir
804 3462 866 3472 —
918 3434 1113 3501 efficta
1162 3448 1287 3484 con-

266 3507 456 3553 tinere.

335 3603 474 3655 quae
531 3592 636 3639 ino.
681 3614 745 3626 —
782 3605 920 3655 quae
955 3614 1023 3626 --
1059 3587 1280 3638 dicitur.

264 3654 409 3709 Zwei
462 3655 810 3708 Relativsiitze
827 3694 841 3721 ‚
904 3656 998 3707 auf
1050 3655 1284 3707 dasselbe

266 3724 420 3776 Wort
478 3725 744 3790 beziiglich
763 3763 778 3790 ,
844 3726 1125 3779 vermeidet
1173 3723 1288 3777 Cic·

270 3794 408 3845 nicht
457 3794 741 3858 angstlichg
802 3795 968 3858 vergl.
1017 3794 1123 3857 43,
1159 3792 1284 3854 1023

267 3862 332 3914 11.
359 3864 412 3927 3,
443 3864 472 3913 7
501 3880 553 3914 u.
586 3863 669 3927 13,
699 3864 798 3928 303
834 3863 948 3914 Cat.
977 3860 1047 3914 M.
1080 3863 1164 3925 17,
1188 3862 1284 3911 59:

268 3935 323 3983 in
359 3948 419 3982 eo
458 3933 627 3996 libro,
668 3936 764 3999 qui
796 3938 882 3985 est
914 3932 978 3982 de
1004 3930 1205 3983 tuenda
1230 3945 1290 3979 re

762 3142 1119 3193 Construction
1194 3142 1285 3194 der
1314 3160 1317 3165 ·

1453 2438 1540 2488 62.
1580 2443 1684 2488 ant
1718 2442 1815 2505 qui
1833 2465 1930 2501 ——‚
1971 2437 2192 2504 supplire
2213 2455 2224 2485 :
2265 2439 2405 2489 eiu-5·

1383 2523 1450 2556 ne
1475 2510 1707 2562 ani-mas,
1725 2508 1827 2557 tibi
1849 2524 1917 2557 ex
1942 2508 2043 2556 hac
2071 2512 2287 2556 terrena
2312 2519 2409 2554 na-

1388 2582 1518 2642 tura
1545 2581 1825 2625 concretus
1849 2576 2065 2626 videtur
2080 2579 2104 2624 ἲ

1387 2666 1996 2779 εἰατῐίηζιῖἶῖἲὲοἷιιὲιζηῖἔ.
2016 2658 2408 2777 ἀξιοῗίῑοίιὶιηέξὲ

1385 2795 1541 2847 tiefer
1589 2795 1815 2859 gehende
1861 2794 2127 2860 Ansichtf
2157 2793 2276 2842 dass
2327 2793 2407 2841 die

1385 2865 1577 2917 Namen
1614 2864 1707 2914 der
1730 2863 1891 2926 Dioge
1916 2862 2056 2913 nicht
2078 2862 2261 2921 θέσει,
2299 2875 2408 2910 was

1386 2934 1705 3003 Pythagoras
1730 2933 1964 2995 annahm,
1995 2932 2212 2981 sondern
2239 2922 2410 2998 φύσει

1386 3002 1690 3053 entstanden
1728 3000 1900 3064 seieu3
1940 3016 1995 3050 so
2033 3000 2115 3050 bei
2141 2999 2286 3049 Plato
2312 2998 2407 3065 (im

1388 3071 1654 3139 Gratylus)
1679 3070 1779 3121 und
1806 3070 1889 3120 bei
1916 3071 2009 3120 den
2038 3069 2294 3120 Stoikern.

1457 3160 1782 3207 institiones.
1845 3153 1953 3206 Zur
1986 3153 2278 3216 Erkliirung
2318 3154 2409 3203 des

1389 3225 1439 3289 (s
1455 3243 1482 3276 c
1497 3226 1526 3275 h
1544 3241 1571 3275 e
1587 3226 1603 3274 i
1619 3242 1649 3274 n
1664 3225 1694 3274 b
1708 3241 1739 3276 a
1751 3241 1779 3275 r
1791 3240 1818 3274 e
1835 3224 1894 3288 n)
1944 3224 2268 3274 Stillstehens
2318 3222 2412 3271 der

1388 3294 1631 3347 Planeten
1672 3295 1877 3358 (wovon
1902 3291 2013 3344 Cic.
2054 3290 2181 3341 auch
2209 3290 2272 3339 de
2299 3296 2405 3339 nat.

1388 3358 1455 3413 D.
1480 3362 1545 3414 11.
1575 3363 1640 3413 20
1666 3379 1718 3412 u.
1749 3363 1814 3412 40
1842 3361 2037 3426 spricht
2057 3357 2412 3424 —progredi

1387 3458 1457 3469 -—
1482 3430 1757 3494 insistere)
1793 3428 2028 3479 erinnere
2066 3441 2182 3477 man
2208 3425 2318 3476 sich
2344 3440 2409 3474 an

1390 3500 1481 3550 das
1515 3513 1688 3563 sogen.
1718 3498 2019 3548 solstitium
2042 3494 2284 3547 brumale
2309 3494 2411 3558 (lii-

1390 3568 1635 3633 bernum)
1667 3566 1766 3616 und
1792 3569 2075 3617 aestivum.

1457 3655 1778 3718 supermae,
1809 3649 2057 3717 temporol
2080 3658 2146 3699 zu
2173 3647 2405 3698 nehmen.

1379 3730 1383 3734 ’
1456 3736 1562 3771 non
1598 3736 1682 3781 re,
1724 3720 1819 3770 sed
1849 3717 2105 3769 vocabulo
2141 3718 2405 3768 errantia.

1391 3790 1503 3841 Cic.
1542 3788 1724 3847 meint,
1762 3802 1870 3838 was
1905 3802 1965 3836 er
2001 3785 2062 3836 de
2101 3793 2204 3836 nat.
2248 3784 2313 3835 Ι).
2340 3781 2408 3834 11.

1389 3856 1477 3923 20,
1508 3859 1568 3909 51
1611 3855 1896 3918 deutlicher
1931 3855 2252 3922 aussp‘richt‚
2290 3854 2410 3904 dass

1392 3930 1484 3979 der
1547 3924 1816 3979 Ausdruck
1888 3930 2133 3976 errantes
2198 3923 2405 3985 stellae,

2551 3312 2578 3321 ‘-
