2784 4534
377 255 510 318 152
825 294 829 305 ‚
1088 259 1454 313 monam.
1484 259 1570 326 28,
1605 260 1688 312 88.
1724 259 1810 311 89.
1907 234 1944 351 ’0

553 420 760 486 Frena
758 430 1049 525 repente
1081 418 1254 484 tactu
1256 421 1713 524 exagitantur
1740 440 1939 483 novo·
1914 466 1933 497 ,

555 505 738 570 Sed
711 505 836 569 uim
858 505 1153 569 subactus
1181 503 1458 603 aiis-eries
1487 503 1800 602 obtorpui.

382 590 743 676 Defetigatio
787 591 972 675 igitur
1010 590 1392 655 miseriarum
1437 588 1844 675 aegritudines
1889 609 2067 671 quum
2113 588 2292 651 faciat
2341 588 2537 652 lenio-

380 697 509 754 reS,
543 676 800 760 intelligi
831 696 1081 741 necesse
1113 686 1229 754 est,
1266 697 1387 738 non
1412 696 1542 738 rem
1572 677 1761 759 ipsam
1793 694 2064 739 caussam
2095 684 2274 756 atque
2302 674 2533 737 fontem

385 782 524 828 8888
554 762 872 825 maeroriS.

281 857 348 910 68
548 846 896 930 Philosophi
940 846 1155 910 summi
1199 848 1533 928 nequedum
1583 857 1784 910 tamen
1828 844 2179 928 sapientiam
2224 843 2533 907 consecuti

382 953 581 996 nonne
611 932 1034 1015 intelligunt,
1016 953 1080 993 ιιι
1112 952 1342 995 summo
1375 952 1443 996 se
1474 931 1629 994 malo
1656 932 1840 995 esse?
1871 931 2020 994 Sunt
2051 930 2211 993 enim
2240 928 2534 1014 insipien-

378 1028 507 1094 tes,
559 1038 754 1100 neque
792 1017 1136 1100 insipientia
1182 1016 1366 1079 ullum
1410 1017 1603 1079 maius
1647 1017 1865 1079 malum
1914 1026 2039 1093 est3
2106 1035 2297 1098 neque
2328 1024 2534 1077 tamen

380 1102 609 1201 lugent.
667 1101 829 1180 Quid
858 1103 985 1164 ita?
1037 1101 1189 1180 Quia
1218 1101 1364 1164 huic
1387 1101 1597 1185 generi
1628 1102 1921 1164 malorum
1952 1122 2073 1164 non
2102 1101 2400 1184 affingitur
2427 1099 2539 1162 illa

383 1188 623 1271 opinio,
670 1197 904 1250 rectum
950 1206 1086 1250 esse
1132 1198 1194 1249 et
1236 1208 1492 1269 aequum
1537 1198 1597 1248 et
1627 1187 1702 1249 ad
1732 1187 1984 1249 officium
2015 1186 2319 1270 pertinere
2348 1205 2538 1269 aegre

378 1273 577 1348 ferre,
628 1272 783 1354 quod
814 1273 1052 1355 sapiens
1084 1292 1204 1335 non
1236 1272 1358 1350 sis,
1409 1272 1565 1353 quod
1605 1270 1762 1334 idem
1805 1272 2133 1355 affingimus
2164 1271 2301 1334 huic
2330 1270 2539 1359 aegri-

380 1357 607 1434 tudini,
643 1358 707 1420 in
740 1379 852 1440 qua
885 1357 1090 1420 luctus·
1107 1357 1299 1435 inest
1336 1376 1489 1439 quae
1520 1357 1786 1420 omnium
1817 1357 2079 1420 maxima
2114 1368 2228 1421 est.

237 1520 244 1524 ,
281 1455 349 1506 69
552 1444 756 1526 Itaque
786 1441 1154 1506 Aristoteles
1179 1452 1421 1507 veteres
1453 1442 1832 1542 philosophos
1865 1463 2157 1507 accusans
2178 1489 2195 1519 ,
2250 1442 2352 1526 qui
2397 1442 2540 1505 exi-

381 1526 820 1605 stimavissent,
813 1522 1275 1612 philosophiam
1297 1529 1424 1593 suis
1455 1529 1714 1611 ingeniis
1730 1528 1882 1590 8888
1913 1529 2258 1612 perfectam,
2280 1529 2386 1604 ait,
2423 1547 2535 1592 eos

380 1623 486 1676 aut
513 1614 902 1678 stultissimos
934 1622 1038 1677 aut
1066 1614 1540 1696 gloriosissimos
1570 1614 1792 1688 fuisse,
1840 1613 1946 1678 sed
1977 1633 2042 1678 se
2085 1614 2325 1691 videre,
2372 1614 2534 1696 quod

382 1697 586 1780 paucis
617 1698 793 1762 annis
823 1720 1038 1782 magna
1067 1699 1334 1764 accessio
1365 1701 1523 1763 facta
1568 1710 1763 1775 esset,
1815 1698 1987 1763 brevi
2012 1709 2299 1783 tempore
2342 1698 2535 1783 philo-

382 1782 652 1867 sophiam
694 1785 866 1868 plane
913 1784 1244 1848 absolutam
1286 1785 1436 1847 fore.
1532 1745 1979 1868 Theophrastus
2025 1795 2220 1848 autem
2266 1784 2536 1848 moriens

380 1889 695 1933 accusasse
727 1880 1001 1933 naturam
1011 1869 1272 1951 dicitur,
1310 1871 1468 1953 quod
1499 1871 1695 1934 cervis
1728 1880 1788 1932 et
1817 1869 2153 1932 cornicibus
2183 1870 2369 1933 vitam
2401 1869 2536 1934 diu-

379 1964 639 2030 turnam,
672 1976 923 2037 quorum
953 1956 1013 2018 id
1045 1954 1193 2016 nihil
1221 1955 1570 2032 interesset,
1605 1950 1964 2031 hominibus,
1990 1977 2241 2055 quorum
2271 1956 2538 2018 maxime

379 2037 793 2118 interfuisset,
827 2051 949 2102 tam
981 2039 1263 2122 exiguam
1293 2040 1479 2102 vitam
1511 2041 1805 2104 dedisset.
1862 2056 2115 2123 quorum
2148 2043 2202 2103 si
2231 2052 2395 2105 aetas
2426 2062 2538 2126 po-

379 2124 602 2188 tuisset
632 2144 768 2189 esse
800 2124 1214 2207 longinquior,
1251 2126 1516 2188 futurum
1548 2126 1767 2202 fuisse,
1803 2136 1905 2202 ut,
1943 2126 2217 2191 omnibus
2249 2127 2534 2210 perfectis

383 2209 646 2285 artibus,
697 2210 858 2275 omni
903 2208 1175 2272 doctrina
1205 2208 1512 2272 hominum
1554 2210 1682 2273 vita
1713 2211 2075 2297 erudiretur.
2158 2211 2547 2310 Querebatur

378 2292 600 2374 igitur,
649 2312 716 2354 se
748 2303 909 2369 tum,
959 2316 1139 2377 quum
1169 2294 1272 2358 illa
1299 2295 1508 2358 videre
1539 2296 1871 2379 coepisset,
1926 2290 2257 2380 exstingui.
2337 2297 2539 2396 Quid?

377 2396 459 2439 ex
504 2377 722 2441 ceteris
767 2378 1135 2462 philosophis
1182 2398 1382 2443 nonne
1425 2382 1681 2465 optimus
1730 2393 1790 2444 et
1835 2381 2240 2464 gravissimus
2276 2384 2533 2465 quisque

380 2461 728 2539 confitetur,
781 2464 998 2532 multa
1008 2484 1075 2527 se
1124 2464 1407 2548 ignorare
1449 2477 1511 2529 et
1553 2467 1740 2530 multa
1784 2467 1897 2530 sibi
1928 2467 2110 2540 etiam
2138 2479 2317 2550 atque
2348 2467 2533 2533 etiam

275 2733 281 2738 ·
445 2670 530 2723 68.
571 2674 897 2736 sapientiam
961 2670 1096 2738 '‚,die
1151 2675 1400 2726 vollkom-
1575 2676 1945 2760 Querebatuwr
1992 2678 2119 2758 na’ch
2160 2676 2310 2758 Diog.
2355 2676 2419 2727 L.
2460 2675 2531 2728 V.
2542 2728 2558 2737 ,

371 2752 518 2789 mene
545 2738 864 2792 Weisheit“.
927 2742 1073 2794 Sunt
1097 2748 1236 2795 enim
1263 2749 1400 2795 insi·
1505 2746 1606 2796 41·
1640 2742 1862 2826 “Ημεῖς,
1902 2739 2058 2797 ὁπότ’
2098 2740 2391 2815 ἀρχόμεθᾳ
2418 2746 2532 2810 ζῆν,

364 2811 582 2873 pientes
620 2814 721 2859 etc.
774 2810 900 2860 nach
950 2813 1044 2862 der
1090 2812 1258 2864 Lehre
1307 2813 1400 2863 der
1504 2808 1611 2864 τότ
1655 2806 2107 2883 ἀποθνήσκομεν.

372 2874 595 2926 Stoiker.
1573 2883 1601 2932 7
1606 2883 1657 2933 Ο
1696 2882 2029 2949 intelligant.
2103 2879 2245 2933 Nach
2300 2886 2534 2949 quisque

347 2995 356 2999 ,
443 2942 590 3008 quod
613 2943 770 3008 idem,
804 2946 856 2995 in
882 2947 1057 3012 Bezug
1081 2949 1177 2998 auf
1196 2953 1392 3015 opiflmo
1503 2952 1605 3000 und
1645 2956 1903 3016 uterque,
1944 2951 2042 3001 wie
2069 2952 2195 3002 nach
2222 2951 2395 3001 Subst.
2425 2950 2533 3001 col·
2598 2990 2613 2999 .

370 3015 582 3061 rectum
634 3026 747 3086 8888
794 3018 851 3063 et
895 3029 1157 3081 aequum,
1236 3032 1400 3084 aegre
1502 3019 1622 3070 lect.
1611 3056 1646 3083 .,
1676 3020 1796 3083 geht
1819 3020 1947 3070 auch
1976 3019 2197 3070 Cicero
2181 3036 2248 3070 un
2276 3019 2535 3085 folgen-

359 3077 543 3143 smss·
1492 3088 1623 3138 .den
1661 3086 1816 3137 Satze
1858 3088 1999 3138 nicht.
2021 3087 2226 3140 selten
2211 3105 2262 3156 ιιι
2289 3089 2385 3139 den
2409 3086 2531 3138 Phr-

443 3146 531 3196 69.
570 3148 923 3213 Aristotelem,
970 3161 1016 3202 8.
1056 3167 1125 3200 zu
1161 3149 1203 3203 l.
1240 3153 1292 3216 4,
1334 3154 1396 3217 7;
1458 3201 1465 3207 .
1504 3155 1583 3204 ral
1596 3152 1753 3205 iiber.

376 3213 803 3281 Theophrastus,
835 3232 879 3268 8.
909 3220 1041 3270 zul.
1074 3219 1158 3283 19,
1175 3221 1261 3270 45.
1293 3219 1401 3271 Der
1470 3242 1477 3261 ν
1572 3224 1801 3287 officiosi
1845 3222 2080 3304 doloris,
2106 3241 2360 3291 =quem
2408 3225 2532 3289 offi-

371 3282 456 3334 bei
515 3282 821 3350 Anfuhrung
877 3285 1047 3338 dieser
1104 3289 1397 3339 Anecdoten
1503 3295 1645 3342 ciam
1670 3295 1861 3357 exiget,
1889 3292 1988 3343 wie
2012 3306 2063 3359 p.
2091 3290 2203 3344 Mil.
2232 3295 2282 3357 5,
2316 3293 2378 3343 12
2409 3294 2526 3357 offi-

369 3351 593 3403 leitende
645 3351 887 3405 Gedanke
937 3355 1006 3407 ist
1044 3356 1072 3420 ἓ
1112 3357 1175 3406 70
1213 3370 1398 3421 ausge—
1503 3364 1641 3411 ciosi
1663 3362 1894 3412 labores.

373 3422 651 3487 sprochen.
688 3430 858 3488 neque
884 3429 1064 3475 tamen
1089 3431 1190 3476 etc.
1572 3427 1634 3493 Q.
1662 3429 1864 3480 Fabius
1891 3427 2170 3480 Mammas
2199 3430 2523 3482 Cunctator.

443 3504 533 3540 881·
535 3493 612 3540 vis
639 3496 695 3541 et
717 3493 1033 3543 cornicibus.
1087 3492 1238 3544 ovid.
1266 3492 1390 3557 Met.
1502 3495 1617 3548 Cat.
1646 3495 1716 3547 M.
1744 3499 1796 3562 4,
1830 3497 1922 3547 12:
1985 3496 2167 3560 Multa
2211 3501 2271 3547 in
2308 3514 2367 3548 co
2405 3501 2525 3550 viro

372 3554 641 3609 V11.273.
1241 3574 1248 3583 ’
1490 3566 1786 3630 praeclara
1830 3569 2077 3632 cognovi,
2130 3566 2228 3616 sed
2266 3567 2408 3617 nihil
2420 3571 2531 3623 est

374 3625 691 3693 Vivacisquc
717 3630 870 3678 iecur
893 3633 1063 3693 cervi,
1075 3633 1286 3696 quibus
1312 3648 1395 3682 m-
1499 3633 1892 3697 admirabilius,
1924 3648 2088 3700 quam
2113 3650 2220 3700 quo
2243 3636 2405 3686 modo
2430 3634 2529 3684 ille

790 3711 957 3763 super
981 3667 1141 3749 addit
1241 3704 1246 3711 ⁴
1496 3708 1729 3752 mortem
1760 3704 1883 3766 filii
1929 3703 2090 3767 tulit,
2144 3703 2285 3754 clari
2327 3706 2439 3754 viri
2468 3708 2535 3753 et·

377 3761 487 3813 Ora
514 3769 785 3839 caputque
808 3779 994 3816 novem
1019 3771 1250 3823 cornicis
1273 3785 1392 3819 sae·
1498 3772 1822 3821 consularis.
1883 3771 1989 3822 Eat
2026 3774 2082 3820 in
2116 3773 2364 3821 manibus
2401 3772 2527 3823 lau-

790 3835 911 3884 cula
928 3851 1147 3903 passae.
1497 3838 1650 3890 datio
1665 3856 1682 3888 .-
1709 3848 1874 3905 quam
1898 3854 2065 3906 qaum
2090 3840 2333 3905 legimus,
2363 3854 2525 3906 quem

369 3894 488 3961 Vgl.
515 3897 713 3956 auchl,
741 3899 827 3966 31,
859 3903 941 3955 77.
1398 3902 1402 3907 ’
1487 3907 1876 3973 philosophum
1936 3923 2043 3958 non
2091 3911 2527 3959 contemnimus?
