2784 4534
918 277 1169 332 menn
1198 279 1262 331 ιι.
1294 281 1346 347 4,
1383 279 1466 332 10.
1491 242 1588 341 ἠ,
2099 332 2112 345 ,
2257 275 2338 337 79

351 435 470 498 Est
513 434 701 518 igitur
744 435 1182 503 ambulantibus
1227 426 1303 501 ad'
1345 437 1500 501 hanc
1539 439 1784 503 modum
1808 458 2006 506 sermo
2036 440 2139 505 ille
2170 443 2344 508 nobis
2386 438 2433 517 4¹

174 518 500 584 institutus
533 530 595 583 et
625 542 660 584 a
680 520 798 584 ⁴tali
829 522 1082 605 quodam
1114 524 1321 587 ductus
1353 524 1645 587 exordio:
2375 543 2441 595 10
2499 544 2506 551 “

350 605 465 670 Α..
502 606 634 670 Dici
677 627 801 670 non
845 618 1078 691 potest,
1127 630 1302 692 quam
1348 609 1476 682 sim>
1496 609 1779 674 hesterna
1809 610 2208 695 disputatione
2237 624 2341 678 tua

177 689 519 754 delectatus
567 692 668 755 vel
712 692 911 776 potius
954 694 1216 757 adiutus·
1287 694 1422 760 Etsi
1467 696 1626 758 enim
1668 695 1816 758 mihi
1859 716 1991 759 sum
2034 700 2336 777 conscius,

176 797 510 858 nmquam
555 797 653 840 me
699 778 877 840 nimis
922 779 1085 842 vitae
1115 779 1387 863 cupidum
1419 779 1871 855 fuisse,.tamen
1901 781 2339 867 intel-dumph-

171 860 500 925 iiciebatnr
554 862 753 926 animo
797 874 990 927 metus
1048 865 1286 947 quidam
1346 875 1410 927 et
1449 865 1624 929 dolor
1668 867 1987 950 cogitanti,
2052 869 2183 930 fore
2227 870 2338 931 ali-

175 946 420 1029 quando
461 946 640 1011 finem
682 947 860 1012 huius
901 949 1051 1013 lucis
1082 962 1144 1013 et
1172 950 1560 1015 amissionem
1590 953 1854 1015 omnium
1885 953 2048 1015 vitae
2079 974 2340 1017 commo-

175 1032 419 1096 dorum:
473 1033 600 1097 Hoc
641 1051 867 1118 genere
898 1035 1209 1100 molestiae
1238 1036 1366 1112 sic,
1414 1035 1559 1099 mihi
1592 1037 1806 1114 crede,
1856 1058 1989 1103 sum
2020 1037 2334 1116 liberatus,

172 1118 240 1180 ut
273 1117 433 1182 nihil
461 1118 659 1181 minus
691 1121 1016 1184 curandum
1047 1131 1270 1204 putem.
1301 1194 1304 1201 ,
1793 1166 1804 1176 -
2499 1186 2510 1193 .

353 1204 454 1269 M.
506 1203 753 1268 Minime
810 1205 1027 1269 mirum
1069 1206 1130 1268 id
1187 1206 1445 1289 quidem.
1508 1207 1662 1271 Nam
1706 1208 1883 1271 efficit
1923 1208 2036 1272 hoc
2077 1209 2342 1292 philoso-
2372 1223 2431 1274 11

172 1287 355 1372 phia:
409 1290 679 1352 medetur
722 1290 937 1353 animis
959 1339 976 1369 ,
1033 1292 1246 1357 inanes
1293 1293 1726 1356 sollicitudines
1772 1293 2065 1373 detrahit3
2115 1295 2339 1378 cupidi-

168 1372 409 1438 tatibus
467 1374 718 1453 liberat,
785 1375 954 1459 pellit
995 1377 1266 1443 timoreS.
1351 1377 1467 1441 Sed
1514 1377 1660 1442 haec
1702 1378 1831 1443 eius
1874 1380 1971 1443 vis
2014 1401 2137 1442 non
2180 1381 2337 1443 idem

172 1469 383 1543 potest
439 1461 593 1543 apud
638 1481 899 1538 omnes3
980 1473 1101 1526 tum
1140 1463 1296 1526 valet
1341 1464 1630 1541 multum,
1697 1485 1874 1547 quum
1923 1475 2018 1529 est
2056 1464 2337 1541 idoneam

173 1545 501 1627 complexa
540 1555 841 1609 naturam.
904 1546 1131 1612 Fortes
1181 1549 1340 1611 enim
1370 1570 1495 1615 non
1525 1550 1703 1612 modo
1733 1549 2019 1620 Fortuna
2047 1550 2334 1628 adiuvat,
2420 1562 2428 1566 ’

175 1642 244 1693 ut
278 1640 380 1697 est
408 1631 474 1693 in
500 1642 709 1694 vetere
738 1632 1084 1715 proverbio,
1120 1634 1225 1697 sed
1255 1634 1443 1711 multo
1475 1635 1665 1717 magis
1696 1635 1874 1712 ratio,
1912 1654 2062 1716 quae
2094 1634 2338 1716 quibus·
2429 1654 2472 1703 ο

172 1716 319 1778 dam
379 1716 549 1798 quasi
608 1718 938 1800 praeceptis
999 1718 1308 1781 confirmat
1346 1718 1471 1780 vim
1516 1718 1907 1784 fortitudinis.
1989 1718 2078 1781 Te
2121 1730 2339 1782 natura

173 1801 495 1865 excelsum
534 1803 827 1884 quendam
871 1802 1151 1866 videlicet
1184 1801 1259 1865 'et
1302 1804 1487 1866 altum
1532 1815 1594 1867 et
1623 1803 1880 1866 humana
1908 1803 2335 1886 despicientem

170 1886 392 1969 genuit
410 1911 427 1963 ς
448 1908 456 1917 ’
476 1886 893 1969 itaque-facile
938 1890 1001 1951 in
1044 1888 1243 1952 animo
1287 1889 1429 1951 forti
1474 1899 1682 1952 contra
1727 1899 1980 1951 mortem
2012 1887 2212 1953 habita
2240 1890 2336 1952 in-

116 2009 131 2015 ·
172 1973 338 2036 sedit
398 1972 614 2034 oratio.
696 1972 812 2035 Sed
871 1973 1016 2037 haec
1077 1975 1285 2038 eadem
1332 1988 1489 2039 'num
1550 1994 1763 2039 censes
1823 1975 1977 2058 apud
2022 1994 2127 2037 eos
2169 1974 2334 2056 ipsos

170 2057 388 2120 valere
407 2102 424 2133 ,
489 2058 605 2121 nisi
650 2058 966 2122 admodum
1010 2081 1225 2141 paucos
1244 2106 1261 2137 ,
1327 2081 1363 2123 a
1409 2059 1621 2142 quibus
1664 2059 1944 2136 inventa,
2011 2060 2332 2142 disputata,

176 2141 531 2225 conscripta
586 2145 766 2207 sunt?
846 2142 1073 2221 Quotus
1133 2145 1294 2208 enim
1340 2146 1589 2228 quisque
1633 2144 2138 2229 philosophorum-
2164 2145 2337 2231 inve-
2375 2200 2406 2221 ,,

171 2228 378 2304 nitur,
427 2228 525 2310 qui
571 2227 651 2292 sit
693 2229 781 2292 ita
821 2240 1123 2307 moratus,
1173 2231 1258 2294 ita
1303 2230 1503 2293 animo
1548 2252 1617 2294 ac
1663 2231 1787 2295 vita
1817 2232 2214 2308 constitutus,
2268 2241 2335 2295 ut

173 2314 339 2377 ratio
387 2311 690 2397 postulat?
735 2314 835 2396 qui
877 2314 1251 2400 disciplinam
1294 2337 1615 2411 suamsnon
1647 2316 2109 2386 ostentationem
2141 2317 2337 2381 scien-

171 2489 368 2554 lehi-te)
382 2489 616 2541 iihnlichc
627 2489 938 2542 Promeuade
953 2491 1206 2559 (gymna-
1381 2493 1467 2542 11.
1505 2492 1754 2544 medetur
1771 2519 1827 2529 —
1849 2495 2094 2544 timores.
2132 2492 2334 2558 Wegen

171 2563 319 2611 sium
333 2596 352 2621 ,
407 2559 735 2624 ambulatio)
786 2560 1052 2624 angelegt,
1102 2560 1205 2610 und
1309 2563 1404 2612 der
1425 2559 1802 2625 Wortstellung
1826 2576 1870 2610 s.
1899 2577 1964 2611 zu
1990 2560 2031 2612 L
2058 2562 2147 2625 49,
2179 2562 2298 2612 118.

175 2627 369 2678 ehenso
420 2628 535 2678 eine
585 2629 711 2678 nach
760 2628 861 2678 Art
907 2628 997 2678 des
1046 2629 1203 2679 durch
1374 2630 1573 2680 Fortes
1597 2630 1847 2680 Fortuna
1871 2630 2117 2680 adiuvat.
2158 2628 2337 2680 Wtirt-

173 2696 490 2748 Aristoteles
527 2696 824 2748 beriihmten
860 2695 1201 2765 Lycenms.
1307 2698 1409 2747 lich
1437 2696 1653 2747 ehenso:
1692 2695 1814 2746 Ter.
1843 2696 2042 2747 Phorm.
2080 2695 2121 2746 Ι.
2152 2698 2204 2759 4,
2233 2698 2332 2759 253

174 2764 391 2815 Erstere
428 2765 516 2829 lag
555 2758 813 2830 niedriger
851 2765 934 2824 (dc
974 2765 1132 2815 divin.
1159 2764 1200 2815 1.
1244 2803 1263 2821 ,
1309 2767 1535 2830 dagegen
1582 2764 1740 2829 Vei-g.
1788 2763 1920 2815 Aen.
1969 2763 2041 2816 X.
2099 2763 2202 2813 284
2242 2764 2337 2812 mit

178 2835 230 2897 5,
283 2831 372 2897 8);
435 2833 592 2883 daher
639 2834 754 2884 hier
800 2834 902 2883 und
951 2831 1039 2883 111.
1076 2835 1129 2898 4,
1173 2835 1201 2882 7
1308 2832 1543 2896 Aufgabe
1581 2832 1673 2883 der
1705 2830 2086 2883 Allitteration:
2120 2831 2356 2882 Auden--

181 2902 565 2952 descendimus.
1132 2926 1147 2943 f
1313 2908 1392 2952 tes
1417 2902 1666 2953 Fortuna
1692 2905 1863 2951 iuvat.

209 2986 357 3028 ‚non
408 2974 569 3036 quasi
622 2976 944 3035 narr-antee,
1006 2970 1110 3035 vgl.
1162 2968 1204 3020 1.
1381 2970 1619 3020 humana
1667 2969 2063 3034 despicientem.
2127 2968 2193 3018 So
2242 2967 2333 3020 IV.

181 3041 235 3104 4,
263 3040 316 3089 8.
404 3068 409 3074 ·
1311 3040 1399 3102 28,
1429 3039 1524 3094 61:
1581 3038 1820 3089 ‘annilina
1860 3043 2193 3103 prementem
2207 3055 2227 3098 ;
2272 3037 2336 3088 de

246 3103 318 3160 4.
362 3109 446 3157 10.
485 3109 639 3161 nobis
663 3111 976 3173 institutus,
1007 3107 1133 3160 s.11.
1156 3110 1205 3175 1,
1312 3106 1399 3157 off.
1438 3106 1480 3157 1.
1512 3107 1593 3171 18,
1624 3108 1722 3158 612
1778 3109 1958 3158 animo
2001 3122 2199 3174 magno
2240 3107 2338 3157 lm-

181 3176 213 3225 2
242 3182 310 3227 zu
335 3178 477 3226 mihi
497 3176 687 3227 habita
714 3182 815 3227 est.
1310 3191 1609 3243 manusque
1655 3192 1741 3227 res
1790 3176 2152 3242 despiciente5
2215 3174 2332 3224 Cat.

249 3260 415 3311 quam
463 3247 660 3295 eim—
688 3245 1009 3296 delectatus.
1082 3246 1207 3298 Dies
1309 3240 1382 3295 Μ.
1424 3246 1509 3308 20,
1539 3246 1637 3295 74:
1687 3250 1922 3295 mortem
1964 3247 2158 3294 timens
2171 3280 2189 3305 ,
2232 3242 2334 3291 und

180 3314 248 3363 ist
299 3313 381 3364 die
434 3313 778 3377 gewiihnliche
825 3312 1208 3380 Wortstellung
1311 3314 1597 3379 iiberhanpt
1645 3313 1737 3363 der
1771 3311 1957 3363 Aecus.
2010 3312 2131 3361 sehr
2163 3310 2338 3374 haufig

181 3380 263 3431 hei
304 3380 520 3445 Cicero,
571 3397 722 3432 wenn
761 3398 926 3448 quam
962 3384 1056 3433 mit
1094 3400 1209 3434 esee
1309 3383 1392 3434 hei
1463 3381 1607 3432 Part.
1671 3379 1850 3432 Praes.
1874 3418 1888 3444 ,
1961 3379 2154 3430 welche
2219 3378 2335 3428 eine

179 3450 284 3501 und
332 3451 495 3501 einem
534 3449 655 3516 Adj.
699 3451 824 3501 oder
859 3450 1051 3502 Partic.
1088 3468 1208 3503 ver·
1309 3449 1576 3503 hleibende
1615 3447 1952 3513 Eigenschaft
1989 3445 2336 3507 ausdriieken,

178 3518 379 3577 handen
402 3518 565 3579 wit-(13
593 3534 648 3569 so
677 3520 760 3583 12,
784 3519 849 3569 28
867 3536 883 3569 ε
909 3521 1199 3588 intelliges,
1306 3519 1519 3585 Zumpts
1554 3516 1711 3582 Regel
1749 3515 1999 3581 (Gramm.
2046 3516 2074 3580 ξ
2099 3514 2223 3578 438)
2265 3514 2337 3564 ist

181 3603 345 3654 quam
359 3588 818 3639 sitobsietendum
835 3588 1047 3648 dolori,-
1072 3591 1202 3640 auch
1309 3586 1514 3638 auf-die
1551 3601 1651 3635 von
1686 3586 1786 3636 ihm
1824 3584 2162 3648 augeffihrten
2198 3581 2340 3632 Ans-

179 3656 231 3705 in
267 3655 648 3723 Hauptsiitzen,
691 3673 739 3707 z.
769 3654 828 3706 B.
869 3656 983 3708 Cat.
1012 3656 1083 3708 Μ’.
1117 3659 1201 3723 11,
1309 3654 1500 3706 driicke
1525 3669 1590 3703 zu
1614 3653 1986 3704 beschriinken.
2063 3687 2074 3697 .

184 3724 248 3774 35
272 3743 285 3774 2
324 3740 489 3791 quam
499 3725 629 3790 fuit
651 3724 985 3776 imbecillus!
1375 3728 1433 3773 in
1448 3725 1629 3787 animo
1646 3747 1707 3759 -
1721 3721 1927 3772 insedit
1936 3723 2136 3771 oratio.
2163 3717 2334 3770 Eheu-

180 3842 185 3853 ,
248 3794 606 3844 obiiciebatur
638 3792 890 3858 kriii'tiger
914 3794 992 3845 als
1020 3797 1203 3862 offere-
1310 3808 1366 3842 so
1383 3807 1437 3857 p.
1454 3790 1600 3841 Balb.
1624 3790 1752 3853 t‚4:
1784 3793 1840 3839 in
1867 3792 2066 3839 animis
2091 3791 2333 3839 omnium

184 3863 364 3913 batur.
1304 3865 1524 3927 penitus
1549 3854 1749 3911 insedit
1772 3861 1971 3909 oratio.

252 3933 383 3982 milei
405 3931 579 3995 crede,
611 3946 657 3982 s.
686 3896 752 3981 iu
778 3928 816 3979 1.
847 3931 932 3995 31,
963 3931 1047 3982 75.
1105 3949 1110 3955 ·
1381 3931 1734 3979 constitut-ue.
1774 3925 1892 3991 Vgl.
1923 3926 1974 3987 6,
2008 3926 2103 3976 17:
2137 3938 2332 3994 corpus
