2784 4534
962 293 1330 359 ιιιιιιιιίιι.
1364 307 1450 373 32,
1483 274 1571 359 ιι.
1588 323 1605 337 .
2221 304 2344 366 157

346 461 597 570 Atqui,
633 462 1041 543 Promethea,
1076 476 1136 529 te
1165 465 1288 530 1160
1320 476 1533 530 tencre
1563 464 1897 545 existumo,

345 546 618 697 1ῦέιεῖἷίιὶνί
630 570 826 634 posse
855 548 1164 614 rateonem
1193 552 1591 628 iracundiae,

167 653 403 718 respon
444 716 770 819 quuz'dem
800 721 913 804 qui
941 719 1369 826 tempestivam
1399 715 1765 786 medicinarh
1798 721 2128 787 admovens

440 802 591 869 Non
622 801 712 866 a'd
728 825 1115 888 gravescens
1142 804 1367 870 volnus
1398 804 1610 869 illzddt
1637 828 1882 871 manus.
2234 800 2251 809 ⁸

339 888 484 955 Erit
510 888 696 971 igitur
723 889 787 977 in
817 889 1322 958 consolationibus
1354 890 1545 974 prima
1575 892 1905 969 medicina,
1942 893 2189 970 docere,
2227 905 2332 957 aut
2351 894 2445 966 38

166 973 405 1037 nullum
445 974 666 1037 malum
699 966 837 1039 esse
867 985 971 1038 aut
999 975 1314 1039 admodum
1356 998 1649 1060 parvum3
1700 978 1893 1042 altera
1911 1024 1930 1054 ,
1981 989 2043 1040 et
2072 979 2145 1041 de
2177 999 2337 1042 com-
2366 993 2434 1043 ’17

168 1058 337 1123 muni
385 1059 764 1124 conditione
773 1060 937 1124 vitae
982 1070 1042 1122 et
1085 1062 1325 1146 proprie
1343 1108 1361 1139 ,
1428 1062 1481 1126 si
1527 1061 1667 1145 quid
1713 1063 1794 1127 sit
1836 1063 1957 1125 de
1940 1063 2129 1147 ipsius
2150 1110 2168 1140 ,
2232 1064 2373 1147 qui-

166 1156 488 1221 maereat,
523 1144 978 1228 disputandum3
1017 1147 1227 1222 tertia,
1262 1169 1556 1228 summam
1595 1167 1733 1212 esse
1762 1148 2079 1212 stultitiam
2108 1150 2336 1217 frustra

166 1230 387 1293 confici
437 1250 751 1306 maerore,
803 1252 983 1313 quum
1026 1232 1330 1315 intelligas
1351 1279 1369 1308 ,
1435 1231 1586 1294 nihil
1625 1254 1805 1315 posse
1855 1224 2085 1318 profici.
2176 1233 2334 1297 Nam

169 1315 503 1380 Cleanthes
535 1315 771 1414 quidem
802 1317 1130 1401 sapientem
1173 1317 1556 1394 consolatur,
1609 1318 1710 1400 qui
1754 1318 2165 1383 consolatione
2210 1341 2333 1383 non
2390 1370 2403 1374 -

126 1481 140 1489 ‚
170 1412 333 1485 eget.
430 1401 598 1465 Nihil
629 1401 788 1464 enim
820 1422 957 1466 esse
987 1403 1242 1480 malum,
1253 1403 1450 1485 quod
1488 1414 1664 1486 turpe
1696 1424 1817 1466 non
1846 1404 1964 1481 sit,
2016 1405 2070 1469 si
2102 1405 2334 1488 lugenti

171 1487 596 1570 persuaseris,
633 1507 754 1549 non
782 1498 849 1549 tu
878 1487 966 1550 illi
998 1487 1218 1552 luctum
1236 1534 1253 1564 ,
1289 1488 1398 1579 sed
1428 1487 1741 1551 stultitiam
1774 1488 2148 1567 detraxeris3
2186 1491 2333 1554 alie-

172 1592 315 1634 num
364 1584 568 1636 autem
610 1583 842 1656 tempus
887 1572 1158 1636 docendi.

171 1657 410 1721 vidisse
443 1657 553 1721 hoc
582 1657 936 1734 Cleanthes,
972 1658 1197 1742 suscipi
1226 1657 1542 1740 aliquando
1575 1659 2011 1741 aegritudinem
2039 1681 2219 1743 posse
2250 1681 2335 1726 ex

171 1762 247 1805 co
278 1741 457 1825 ipso,
494 1745 646 1842 quod
677 1763 812 1808 esse
844 1765 1138 1808 summum
1170 1743 1389 1806 malum
1423 1743 1790 1808 Cleanthes
1771 1764 1901 1827 lpse
1933 1745 2214 1807 fateatur.

351 1828 510 1906 Quid
540 1829 698 1891 enim
728 1829 1015 1906 dicemus,
1053 1850 1234 1912 quum
1265 1829 1543 1894 Socrates
1574 1827 1871 1913 Alcibiadi
1901 1830 2328 1911 persuasisset,

176 1923 244 1975 ut
273 1913 615 1997 accepimus
635 1960 654 1990 ,
710 1934 847 1978 eum
878 1914 1026 1976 nihil
1056 1915 1312 1979 hominis
1357 1934 1494 1978 esse
1536 1934 1648 1977 nec
1694 1914 2008 1997 quicquam
2039 1915 2201 1980 inter
2226 1915 2334 1979 Al-

175 1998 471 2062 cibiadem
531 2021 760 2063 summo
822 1990 953 2063 loco
1013 2011 1219 2064 natum
1264 2010 1325 2062 et
1369 1999 1641 2081 quemvis
1690 1998 1956 2063 baiulum
2002 1998 2327 2079 interesse,

177 2105 361 2164 quum
393 2104 464 2149 se
492 2083 831 2150 Alcibiades
863 2085 1176 2148 afflictaret
1207 2085 1644 2168 lacrimansque
1677 2084 1905 2147 Socrati
1951 2086 2204 2168 supplex
2234 2106 2337 2151 es-

178 2179 313 2247 set,
349 2180 419 2234 ut
452 2170 568 2233 sibi
593 2170 878 2234 virtutem
908 2171 1176 2234 traderet
1204 2171 1749 2254 turpitudinemque
1779 2170 2139 2268 depelleret,
2189 2172 2331 2255 quid

179 2254 452 2320 dicemus
469 2302 487 2333 ,
538 2255 870 2319 Cleanthe?
915 2278 1056 2320 num
1085 2256 1149 2318 in
1179 2257 1282 2319 illa
1312 2277 1381 2320 re
1398 2303 1416 2334 ,
1467 2277 1620 2339 quae
1664 2254 2041 2339 aegritudine
2070 2256 2334 2321 Alcibia-

182 2339 316 2405 dem
347 2341 677 2419 afficiebat,
713 2341 854 2405 mali
886 2341 1035 2405 nihil
1063 2341 1250 2406 fuisse
1268 2343 1297 2403 ‘f

186 2506 419 2574 Ουκουν,
452 2515 778 2583 Προμηθεῦ,
813 2510 971 2565 τοῦτο
994 2506 1205 2581 γιγνώ-

672 2594 838 2641 σκεις,
865 2598 954 2633 ott

1290 2513 1424 2632 subt
1434 2513 1617 2591 (lebte)
1637 2514 1958 2577 Carneades,
1979 2528 2136 2580 quem
2149 2513 2339 2564 videre

1305 2599 1356 2632 m
1397 2598 1509 2632 eor.

1236 1574 1313 1635 Et
1358 1585 1559 1635 tamen
1591 1595 1713 1637 non
1742 1575 1890 1638 satis
1922 1574 2066 1637 mihi
2097 1575 2338 1640 videtur
2435 1646 2444 1660 ‚

174 2641 372 2716 Ὀργῆς
444 2644 730 2770 νοσούσηλὶ
796 2652 942 2703 εἰσὶν
1022 2651 1206 2722 ἰατροὶ

770 2738 852 2781 οι,

181 2804 283 2854 und
309 2805 640 2856 Prometheus
665 2737 966 2856 anilwortet.

178 2898 312 2959 Ἐάν
360 2925 444 2966 τις
477 2905 537 2960 ἐν
572 2924 748 3029 καιριὲι
795 2922 859 2973 γε
900 2902 1206 2978 μαλθασσῃ

133 3004 138 3011 -
670 2994 703 3027 κ
733 2993 802 3045 αρ

183 3042 300 3093 Καὶ
316 3039 397 3113 μὴ
425 3047 754 3116 σφριγῶντα
777 3041 963 3162 θυμὸν
988 3009 1232 3112 laxitas-—

670 3114 875 3183 vasca.

253 3199 531 3267 Siquidem
583 3203 712 3266 ,‚ja‚
739 3215 983 3250 wenn—
998 3199 1059 3264 “‚
1109 3199 1209 3250 wie

185 3265 251 3317 ΙΙ.
282 3269 369 3333 17,
397 3270 496 3328 39,
534 3272 892 3336 qui=quis

254 3364 360 3425 82.
399 3371 485 3420 77.
525 3370 736 3434 altera,
780 3371 1014 3436 ergiinze
1028 3370 1211 3434 dispu-

188 3443 336 3500 tare,
369 3451 461 3487 aus
487 3437 599 3487 dem
623 3437 890 3503 folgenden
914 3443 1039 3489 si-
1054 3441 1133 3488 sit
1150 3467 1209 3475 —

186 3505 601 3572 dieputandum.

256 3608 471 3659 videtur
483 3608 694 3659 videssc.
722 3607 844 3659 Dies
860 3609 939 3665 die
956 3609 1207 3672 gewobnl.

194 3673 426 3743 Stellung
465 3677 547 3727 bei
573 3676 669 3728 der
690 3675 1020 3742 Verbindung
1043 3677 1212 3727 dieser

192 3741 373 3796 beiden
421 3744 639 3810 Worte·
703 3760 802 3796 nur
843 3761 990 3797 wenn
1028 3746 1214 3796 vidore

193 3813 440 3877 priignant
461 3838 534 3857 ==
547 3783 810 3881 praesens
859 3814 1091 3879 (coram)
1140 3818 1215 3863 vi-

194 3879 317 3932 dere
342 3882 438 3947 ist,
476 3886 629 3950 pflegt
654 3899 711 3934 es
734 3899 894 3935 voran
919 3900 985 3933 zu
1010 3882 1209 3947 stebcn,

196 3948 329 4001 2..ss
368 3952 551 4003 defin.
587 3951 825 4018 V.‚24:
874 3952 1214 4004 Modoem‘m

1379 2666 1449 2700 ea:
1473 2666 1532 2701 co
1561 2654 1710 2717 ipso,
1754 2651 1970 2701 niimlich
1999 2650 2128 2700 iiber
2151 2650 2234 2698 die
2258 2649 2336 2698 ei-

1310 2734 1437 2782 gene
1475 2719 1698 2770 sittlicbe
1723 2717 2143 2780 Schlecbtigkeit.
2204 2714 2338 2766 Wer

1308 2787 1438 2839 iiber
1465 2786 1606 2836 dieso
1631 2786 1738 2836 sich
1765 2786 2098 2846 bekiimmcrt‚
2128 2784 2214 2833 fiir
2236 2782 2336 2834 dcn

1309 2855 1379 2905 ist
1405 2854 1656 2905 natiirlich
1684 2853 1784 2905 cl)
1786 2869 1810 2904 s
1835 2851 1991 2903 Trost
2012 2821 2132 2902 kein
2157 2850 2332 2902 Trost.

1380 2923 1637 2974 Socrates
1685 2922 1971 2985 Alcibzadi.
2059 2920 2334 2986 Augustin.

1312 2994 1375 3043 de
1401 2992 1503 3042 civ,
1531 2990 1596 3042 D.
1628 2988 1772 3043 XIV.
1802 2992 1861 3042 8:
1900 2990 2340 3056 Alcibiademfe·

1312 3066 1465 3125 runt,
1505 3075 1672 3127 qaum
1694 3061 1801 3112 sibi
1822 3062 2011 3111 beatus
2035 3060 2335 3123 videretur,

1311 3130 1544 3182 Socrate
1591 3129 1907 3196 disputante
1955 3134 2011 3179 et
2042 3133 2118 3192 ei,
2173 3142 2341 3195 quam

1310 3202 1478 3249 miser
1491 3204 1648 3257 esset,
1671 3198 2081 3250 demonstrante
2150 3199 2337 3246 cvi-sse.

1311 3263 1590 3318 Entweder
1614 3268 1704 3318 hat
1714 3267 1893 3318 Cicero
1919 3266 2059 3315 diese
2124 3263 2338 3314 nocdote

1313 3351 1407 3386 aus
1432 3337 1575 3386 einer
1600 3350 1695 3385 uns
1720 3335 1992 3385 verlornen
2020 3330 2202 3396 Quelle
2228 3337 2340 3382 ent-

1312 3403 1486 3466 lehnt,
1527 3404 1655 3453 oder
1672 3403 1846 3453 Platos
1871 3401 2203 3464 Darstellung
2229 3398 2341 3463 (Al-

1314 3472 1417 3523 cib.
1455 3471 1497 3522 Ι.
1549 3472 1674 3521 oder
1709 3470 1965 3539 Sympos.
1982 3486 2032 3535 p.
2073 3467 2221 3533 215)
2249 3465 2347 3518 auf

1315 3541 1457 3591 scine
1481 3538 1661 3590 Weisc
1686 3537 2125 3603 ausgeschmiickt

1380 3609 1520 3659 nihil
1565 3609 1829 3658 hominis.-
1884 3643 1923 3672 ‚,
1929 3606 2184 3656 dul-chaus
2217 3603 2339 3655 kein

1313 3675 1519 3728 Menscb
1548 3676 1669 3740 (wie
1695 3691 1753 3726 er
1777 3676 1885 3726 sein
1912 3673 2154 3739 sollte)“.

1382 3762 1442 3795 sc
1466 3771 1530 3783 —
1555 3741 1880 3809 afflictaret,
1925 3742 2009 3794 fiir
2044 3739 2341 3807 afflictare-

1318 3820 1415 3865 tur
1449 3814 1573 3879 (27,
1611 3812 1734 3878 66),
1784 3813 1853 3863 ist
1889 3812 2087 3875 selten3
2127 3811 2192 3861 ad
2224 3809 2335 3861 Att.

1313 3881 1406 3934 111.
1462 3881 1649 3945 12,1=
1702 3850 1802 3931 1'12‘0
1850 3887 1911 3932 tu
1958 3895 2045 3930 mc
2090 3894 2333 3943 accusas,

1316 3951 1465 4018 quod
1485 3966 1570 4001 mc
1594 3946 1867 4015 afflictam.
2268 3992 2277 3998 .

2344 4074 2379 4090 θ’
