2784 4534
345 311 380 319 -
760 296 768 311 ·
863 254 878 259 ’
973 279 1225 333 maun
1257 278 1343 332 ιν.
1376 279 1462 348 2⁷,
1498 281 1582 334 58.
1619 281 1703 333 59.
1801 315 1805 319 .
2128 296 2155 315 ·
2297 269 2426 334 195

254 441 436 507 aiunt
449 487 466 517 ,
505 440 690 503 nimia
718 439 983 503 resecari
1014 450 1314 523 oportere,
1351 440 1649 505 naturalia
1677 440 1972 524 relinqui3
2009 440 2163 524 quid
2179 439 2418 504 tandem

254 537 466 612 potest
497 546 635 593 esse
666 525 963 602 naturale,
1001 526 1155 608 quod
1186 525 1344 588 idem
1375 526 1626 591 nimium
1652 545 1787 590 esse
1812 526 2048 610 possit?
2078 526 2230 593 Sunt
2259 525 2418 589 enim

256 611 468 677 omnia
498 611 731 674 ista·ex
760 629 1035 674 errorum
1069 622 1200 674 orta
1228 611 1556 688 radicibus,
1593 631 1745 695 quae
1778 612 2090 675 evellenda
2121 621 2182 674 et
2213 621 2419 673 extra-

143 748 152 755 .
254 698 463 761 henda
494 695 731 779 penitus
752 743 770 774 ,
806 684 1438 761 non‘ciroumcidenda
1467 716 1578 759 nec
1609 697 1966 781 amputanda
1995 707 2155 761 sunt.

441 782 557 846 Sed
588 781 868 865 quoniam
899 782 1207 866 suspicor,
1242 792 1306 846 te
1335 803 1458 845 non
1489 793 1610 845 tam
1642 782 1715 847 de
1745 781 2014 865 sapiente
2046 802 2220 864 quam
2251 781 2324 842 de
2352 791 2412 843 te
2437 782 2529 852 27

252 870 396 953 ipso
444 886 738 951 quaerere
799 866 997 965 (illum
1044 867 1203 932 enim
1248 877 1419 951 putas
1466 868 1627 931 omni
1671 866 2122 952 perturbatione
2167 865 2420 930 liberum
2452 880 2519 931 58

258 975 407 1021 esse
427 1001 444 1032 ,
481 964 541 1016 te
572 952 732 1034 vis):
768 952 1103 1028 wdeamuS,
1140 962 1361 1035 quanta
1391 953 1535 1030 sint,
1574 974 1726 1035 quae
1756 975 1792 1017 a
1822 952 2196 1037 philosophia
2223 971 2420 1014 reme-

255 1040 362 1103 dia
394 1038 621 1103 morbis
653 1036 988 1101 animorum
1017 1036 1432 1102 adhibeantur.
1473 1039 1586 1110 Est
1617 1038 1777 1103 enim
1808 1037 2097 1122 quaedam
2128 1036 2422 1100 medicina
2512 1086 2524 1099 .

255 1135 466 1204 certe,
513 1143 624 1187 nec
663 1133 783 1186 tam
831 1122 944 1186 fuit
973 1123 1276 1187 hominum
1325 1124 1534 1207 generi
1567 1123 1801 1189 infensa
1841 1134 2017 1207 atque
2049 1122 2291 1186 inimica
2321 1144 2425 1186 na-

253 1221 402 1274 tura
422 1256 439 1287 ,
479 1220 543 1272 ut
571 1207 919 1293 corporibus
947 1219 1038 1271 tot
1066 1229 1167 1272 res
1199 1209 1495 1272 salutares
1513 1256 1529 1285 ,
1572 1209 1790 1274 animis
1834 1209 2059 1274 nullam
2090 1209 2416 1286 invenerit,

257 1296 336 1359 de
385 1295 597 1378 quibus
643 1294 754 1356 hoc
784 1295 962 1358 etiam
997 1304 1091 1358 est
1137 1296 1349 1359 merita
1390 1296 1607 1358 melius
1630 1310 1661 1372 ,‘
1711 1297 1866 1378 quod
1911 1316 2224 1378 corporum
2256 1294 2422 1357 adiu-

255 1392 467 1445 menta
507 1380 864 1444 adhibentur
906 1380 1290 1445 extrinsecus
1312 1427 1327 1456 ,
1375 1380 1712 1447 animorum
1759 1380 1920 1444 salus
1971 1380 2203 1444 inclusa
2234 1379 2299 1443 in
2330 1379 2422 1443 his

257 1466 417 1552 ipsis
451 1477 564 1529 est.
646 1465 761 1528 Sed
792 1486 908 1547 quo
940 1464 1133 1527 maior
1166 1476 1261 1527 est
1303 1465 1367 1526 in
1400 1466 1487 1529 eis
1521 1467 1888 1549 praestantia
1921 1476 1982 1529 et
2011 1465 2308 1542 divinior,
2347 1459 2420 1527 eo

127 1586 166 1611 =,
256 1552 497 1616 maiore
528 1550 801 1634 indigent
831 1549 1161 1632 diligentia.
1242 1538 1449 1632 Itaque
1498 1550 1650 1614 bene
1693 1552 1952 1615 adhibita
1994 1550 2151 1614 ratio
2201 1550 2419 1628 cernit,

259 1637 409 1720 quid
452 1636 738 1718 optimum
783 1633 901 1712 sit3
949 1634 1222 1717 neglecta
1271 1635 1478 1700 multis
1524 1636 1863 1719 implicatur
1906 1635 2235 1699 erroribuS.
2328 1636 2420 1698 Ad
2452 1650 2520 1703 59

256 1732 336 1785 te
359 1720 547 1804 igitur
577 1719 722 1782 mihi
752 1719 870 1782 iam
902 1719 1306 1783 convertenda
1339 1719 1535 1785 omnis
1570 1721 1764 1784 oratio
1797 1732 1911 1784 est.
1976 1720 2230 1783 Simulas
2252 1721 2424 1807 ,enim

258 1825 561 1892 quaerere
592 1816 653 1868 te
684 1805 757 1868 de
789 1805 1100 1888 sapiente,
1138 1804 1377 1891 quaeris
1410 1817 1608 1869 autem
1640 1807 1897 1870 fortasse
1929 1806 2002 1868 de
2033 1816 2116 1868 te.

313 1906 318 1913 ·
441 1888 664 1955 Earum
695 1890 882 1974 igitur
910 1891 1426 1974 perturbationum
1446 1937 1464 1968 ,
1518 1912 1666 1974 quas
1699 1891 1953 1976 exposui
1974 1938 1991 1968 ,
2039 1891 2246 1954 variae
2283 1901 2425 1956 sunt
2534 1956 2537 1963 Α

260 1975 639 2042 curationeS.
715 1974 865 2039 Nam
910 1995 1103 2058 neque
1149 1975 1344 2039 omnis
1377 1976 1693 2060 aegritudo
1735 1998 1852 2041 una
1884 1976 2117 2041 ratione
2151 1977 2417 2039 sedatur.

257 2064 402 2127 Alia
450 2073 543 2125 est
573 2061 732 2137 enim
777 2061 1041 2146 lugenti,
1093 2061 1210 2125 alia
1254 2061 1569 2133 miseranti
1612 2072 1716 2126 aut
1756 2062 2049 2126 invidenti
2095 2060 2426 2127 adhibenda
2461 2054 2469 2067 ⁸

259 2148 584 2213 medicina.
664 2147 776 2209 Est
805 2146 986 2209 etiam
1016 2146 1082 2210 in
1113 2146 1389 2210 omnibus
1424 2157 1706 2237 quattuor
1741 2145 2289 2233 perturbationibus
2320 2147 2425 2211 illa

261 2233 608 2298 distinctio:
659 2243 857 2295 utrum
901 2232 974 2295 ad
1014 2232 1361 2296 universam
1407 2233 1913 2317 perturbationem
1934 2280 1951 2311 ,
1999 2253 2149 2317 quae
2197 2243 2291 2295 est
2320 2234 2423 2296 ad·-

263 2319 574 2404 spernatio
619 2316 875 2382 rationis
920 2328 1022 2380 aut
1051 2318 1347 2403 appetitus
1392 2318 1839 2398 vehementior,
1890 2341 1967 2383 an
2012 2319 2085 2382 ad
2118 2318 2415 2403 singulaS,

260 2417 333 2469 ut
379 2405 452 2468 ad
497 2415 721 2468 metum
740 2450 757 2480 ,
808 2402 1164 2480 libidinem„
1195 2403 1460 2486 reliquas
1480 2450 1498 2481 ,
1549 2405 1763 2469 melius
1808 2403 2158 2468 adhibeatur
2202 2403 2420 2481 oratio,

264 2501 330 2557 et
361 2501 561 2554 utrum
592 2489 818 2553 illudne
850 2510 971 2553 non
1001 2489 1278 2553 videatur
1306 2508 1487 2581 aegre
1518 2490 1858 2568 ferundum,
1885 2498 1967 2552 ex
1998 2512 2112 2572 quo
2148 2500 2424 2574 suscepta

264 2701 508 2751 remedia
537 2727 601 2736 -
628 2698 1010 2749 adhibeantur.
1070 2697 1188 2761 Vgl.
1230 2699 1294 2749 de
1400 2697 1565 2747 daun:
1622 2697 1811 2761 Quae
1846 2696 1955 2746 dici
1988 2696 2221 2745 eadem
2258 2696 2428 2746 dece-

262 2775 401 2819 orat.
430 2768 498 2817 11.
527 2767 617 2829 30,
647 2765 777 2813 132:
825 2766 924 2816 illa
961 2766 1290 2830 quaerenda,
1403 2768 1535 2815 teris
1560 2765 1857 2814 virtutibus
1874 2768 2131 2829 possunt.

303 2852 409 2886 uae
465 2837 794 2900 argumenta
842 2833 1037 2883 debent
1081 2835 1291 2900 afferri.
1469 2835 1772 2882 miseranti.
1791 2829 2006 2882 Festus:
2033 2830 2101 2881 M
2106 2833 2165 2880 ie
2180 2845 2294 2880 era
2311 2835 2430 2881 tur

264 2854 456 2968 Zumpt
487 2902 515 2967 ἓ
542 2901 663 2952 814.
1403 2903 1481 2964 is,
1524 2902 1623 2966 qui
1650 2902 2004 2966 conqueritur
2028 2900 2205 2949 aliena
2229 2902 2429 2950 incom-

339 2976 409 3022 ut
431 2973 729 3021 invenerit.-
760 2969 922 3033 „dass
947 2969 1024 3021 sie
1049 2967 1294 3020 erfuuden
1400 2967 1598 3029 moda,·
1631 2971 1756 3018 mis
1773 2973 2019 3019 eretur
2051 2972 2147 3033 is„
2186 2964 2283 3036 qui
2324 2971 2429 3018 mi·

262 3041 432 3091 huben
503 3039 654 3092 sollte
729 3036 998 3100 (erfunden
1061 3038 1292 3101 hiitte)“.
1400 3052 1583 3089 serum
1607 3037 1871 3089 sublevat.

263 3109 375 3161 Der
413 3108 564 3174 Conj.
608 3106 780 3173 Plusq.
826 3107 965 3158 wiire
1001 3108 1053 3158 in
1090 3107 1294 3158 solchen
1473 3106 1803 3159 adhibeatur
1828 3111 2030 3158 oratio.
2070 3106 2285 3174 Bentley
2310 3122 2430 3157 con—

266 3177 457 3229 Siitzen
483 3192 613 3243 ganz
640 3175 1001 3227 unluteinisch.
1394 3174 1574 3240 jicirte
1622 3175 1741 3237 (wie
1785 3177 1812 3242 5
1852 3177 1916 3226 74
1953 3178 2084 3227 haee
2122 3175 2429 3227 adhibenda

311 3247 423 3297 ¹59.
463 3261 632 3314 neque
656 3249 840 3305 „omnis
874 3245 1164 3312 aegritudo
1190 3251 1291 3296 etc.
1402 3247 1621 3296 curatio
1672 3248 1775 3308 est)
1825 3249 2069 3307 curatio,
2138 3258 2249 3311 was
2299 3243 2428 3293 auch

265 3314 454 3382 Neque
477 3316 547 3366 ist
573 3314 686 3364 hier
700 3313 893 3379 partic.
920 3314 1145 3380 pendens
1172 3312 1294 3378 (wie
1401 3312 1531 3362 zwei
1581 3312 1728 3364 codd.
1783 3313 2078 3376 darhieten3
2140 3311 2295 3361 alleiu
2348 3311 2428 3360 die

266 3384 360 3435 111.
392 3385 443 3449 3,
471 3385 501 3434 5
541 3389 598 3433 et
629 3384 977 3447 vor,morb1‘).
1039 3380 1112 3431 Es
1144 3382 1294 3433 sollte
1403 3385 1620 3432 curatio
1645 3381 1912 3447 geschieht
1928 3382 1992 3446 ja
2016 3381 2145 3431 eheu
2172 3379 2329 3428 durch
2347 3378 2428 3429 die

269 3453 468 3516 folgen:
533 3457 603 3502 et
635 3456 692 3501 in
732 3453 977 3502 omnibus
1023 3455 1296 3517 quattuor
1401 3453 1612 3514 oratio,
1672 3450 1776 3500 und
1825 3453 2129 3501 orationem
2175 3447 2432 3497 adhibere

255 3508 774 3589 ‘perturbationibus
846 3520 947 3570 illa
1008 3519 1294 3570 distinctio
1401 3519 1592 3568 kommt
1619 3519 1748 3567 auch
1775 3524 1917 3589 sonst
1940 3533 2052 3583 vor,
2081 3533 2130 3566 z.
2154 3516 2218 3565 Β.
2247 3515 2334 3579 29,
2361 3515 2428 3565 62

270 3594 380 3653 est,
417 3588 587 3639 wofiir
630 3588 811 3639 Cicero
847 3587 976 3639 nach
1017 3588 1131 3639 dem
1160 3587 1297 3638 Zwi-
1404 3586 1588 3636 eadem
1666 3590 1742 3636 sit
1815 3587 2057 3637 omnibus
2129 3583 2431 3635 adhibenda

270 3659 571 3709 schensatze
608 3657 702 3707 mit
724 3657 830 3707 Est
850 3660 1018 3707 etiam
1043 3664 1144 3707 etc.
1172 3655 1300 3707 fort·
1404 3656 1606 3706 oratio.
1898 3666 1909 3670 ‘

269 3727 430 3779 fem-t.
492 3725 559 3777 So
600 3727 660 3776 de
686 3725 772 3776 fin.
813 3724 878 3775 11.
912 3725 996 3789 22,
1026 3725 1086 3774 71
1117 3740 1169 3774 u.
1198 3725 1295 3775 72:
1472 3728 1665 3773 utrum
1704 3722 1937 3786 illudne,
1981 3737 2023 3772 s.
2053 3720 2239 3787 Zumpt
2277 3719 2430 3784 §352

271 3795 417 3848 Nam
451 3811 573 3845 nec
607 3798 693 3846 vir
718 3796 885 3845 bonus
911 3809 977 3844 ac
995 3797 1178 3844 iustus
1204 3794 1300 3844 Ita-
1405 3807 1490 3856 gg.
1520 3789 1584 3840 Ε.
1642 3790 1845 3841 Ehenso
1873 3789 2000 3839 oben
2038 3791 2091 3853 4,
2131 3791 2192 3840 9:
2236 3788 2431 3840 Utrum

278 3867 393 3916 beri
416 3864 587 3928 debet,
618 3867 728 3930 qui,
757 3879 821 3913 ne
846 3863 1052 3913 malum
1077 3864 1297 3927 habeat,
1403 3864 1584 3926 igitur
1642 3863 1813 3911 mavis
1862 3861 2125 3909 statimne
2172 3873 2269 3908 nos
2316 3856 2433 3907 vela

278 3935 518 3984 abstinet
537 3949 594 3982 se
619 3933 687 3982 ab
710 3935 914 3983 iniuria
926 3950 946 3993 ;
978 3930 1151 3998 spiiter
1175 3930 1302 3995 folgt
1389 3932 1588 3996 faeere
1612 3945 1683 3981 an
1703 3927 2016 3996 paullulum
2041 3929 2353 3993 remigare?

1954 3995 2061 4057 13*
