2784 4534
353 292 474 356 148
1068 299 1442 352 LIBERIII.
1473 299 1559 365 26,
1587 299 1669 353 62.
1706 298 1791 350 63.

349 471 602 560 possunt
630 470 876 565 propter
905 442 1374 541 magnitudinem
1407 458 1821 542 aegritudinis.
1898 459 1998 521 Ex
2026 480 2142 541 quo
2173 459 2364 542 ipsam
2393 479 2507 523 ae·-

347 546 714 631 gritudinem
743 540 956 630 λύπην
970 544 1363 645 Chrysippus,
1400 544 1570 628 quasi
1601 544 1963 609 solutionem
1990 543 2176 609 totius
2209 544 2520 622 hominis,

344 632 699 731 appellatam
729 640 917 716 putat.
996 629 1161 709 Quae
1189 640 1318 693 tota
1337 626 1568 715 poterit
1609 629 1790 694 evelli
1836 629 2134 713 explicata
2153 675 2170 706 ,
2236 640 2305 693 ut
2332 630 2503 730 prin·-

344 717 501 802 cipio
533 716 684 793 dixi,
721 737 934 779 caussa
965 715 1384 799 aegritudinis.
1434 717 1545 781 Est
1575 716 1736 781 enim
1767 715 1934 780 nulla
1964 714 2105 791 alia,
2145 715 2264 780 nisi
2295 715 2499 799 opinio

319 814 409 879 „et
450 801 735 865 iudicium
771 801 981 900 ‘magni
1026 802 1378 885 praesentis
1405 811 1584 884 atque
1628 799 1899 884 urgentis
1941 800 2105 863 mali.
2201 801 2405 883 ltaque
2437 812 2506 865 et

346 888 518 951 dolor
548 887 846 971 corporiS,
882 887 1054 949 cuius
1088 896 1182 951 est
1210 908 1449 950 morsus
1480 887 1834 962 acerrimus,
1857 887 2194 970 perferetur
2223 906 2328 970 spe
2359 908 2502 970 pro-

346 972 544 1057 posita
571 972 747 1049 boni,
814 980 875 1034 et
917 982 1047 1036 acta
1090 982 1257 1036 aetas
1299 972 1552 1035 honeste
1588 993 1669 1035 ac
1712 971 2021 1056 splendide
2067 982 2291 1035 tantam
2322 973 2501 1035 affert

344 1057 856 1133 consolationem,
893 1069 958 1119 ut
988 1077 1117 1133 eoS,
1155 1057 1254 1139 qui
1283 1058 1369 1120 ita
1399 1057 1691 1136 vixerint,
1733 1068 1836 1121 aut
1866 1078 1988 1121 non
2017 1057 2271 1140 attingat
2297 1058 2498 1141 aegri-

342 1144 487 1206 tudo
520 1152 624 1205 aut
653 1142 977 1226 perleviter
1006 1152 1226 1225 pungat
1256 1142 1442 1205 animi
1474 1142 1666 1206 dolor.
2570 1142 2573 1145 ’

227 1224 323 1299 26
515 1227 631 1289 Sed
662 1228 736 1289 ad
765 1226 918 1290 hanc
949 1226 1289 1311 opinionem
1320 1228 1522 1312 magni
1552 1228 1695 1291 mali
1725 1250 1903 1311 quum
1944 1227 2051 1290 illa
2080 1227 2260 1289 etiam
2292 1226 2495 1311 opinio

210 1316 309 1399 l62
342 1311 634 1393 accessit,
688 1322 1008 1396 oportere,
1056 1322 1288 1377 rectum
1332 1333 1505 1392 esse,
1554 1314 1628 1376 ad
1659 1313 1913 1376 officium
1944 1312 2286 1396 pertinere,
2333 1314 2495 1376 ferre

344 1397 490 1462 illud
520 1417 700 1480 aegre
719 1444 735 1474 ,
802 1397 958 1479 quod
992 1397 1308 1461 acciderit·
1375 1361 1505 1462 tuni
1549 1399 1802 1481 denique
1849 1398 2099 1461 efficitur
2141 1397 2245 1460 illa
2287 1398 2493 1480 gravis

343 1482 735 1567 aegritudinis
767 1483 1159 1566 perturbatio.

517 1569 617 1630 Ex
658 1567 768 1631 hac
808 1568 1088 1651 opinione
1120 1579 1261 1633 sunt
1303 1568 1408 1631 illa
1438 1570 1607 1633 varia
1639 1580 1699 1632 et
1744 1520 2118 1633 detestabilia
2147 1588 2373 1652 genera
2398 1570 2495 1633 lu·

342 1653 558 1752 gendi,
624 1653 914 1737 paedores
935 1700 952 1731 ,
1016 1653 1339 1718 muliebres
1387 1652 1785 1719 lacerationes
1826 1674 2152 1738 genarum,
2203 1654 2488 1737 pectoriS,

343 1739 665 1817 feminum,
702 1739 910 1823 capitis
941 1739 1381 1824 percussioneS.
1433 1741 1586 1803 Hinc
1615 1741 1719 1802 ille
1748 1739 2119 1824 Agamemno
2136 1701 2494 1803 Homericus

345 1836 408 1888 et
434 1824 590 1886 idem
620 1823 938 1902 AccianuS,

518 1907 826 1974 Scindens
856 1911 1072 1975 dolore
1103 1910 1440 1975 identidem
1474 1908 1783 1973 intonsa'm
1813 1931 2068 1972 comam.

341 1994 411 2058 In
441 2016 557 2078 quo
589 1996 845 2059 facetum
875 1995 1023 2058 illud
1038 1996 1265 2072 Bionis,
1287 1994 1533 2079 perinde
1558 1994 1977 2076 stultissimum
1993 1998 2207 2079 'regem
2236 1994 2301 2056 in
2330 1994 2498 2058 luctu

245 2090 311 2139 63
344 2080 619 2164 capillum
663 2081 777 2144 sibi
818 2081 1079 2145 evellere
1097 2127 1114 2158 ,
1165 2081 1337 2162 quasi
1380 2079 1625 2143 calvitio
1672 2099 1909 2142 maeror
1953 2081 2283 2145 levaretur.
2376 2080 2497 2169 Sed

1466 2302 1662 2379 Αὐτὰρ
1688 2299 1763 2358 οῖ’
1794 2304 1850 2364 ἐς
1871 2301 2005 2370 νῆας
2032 2323 2089 2359 τε
2115 2305 2228 2358 ἴδοι
2251 2308 2345 2359 καὶ
2361 2302 2498 2359 λαὸν

343 2307 471 2356 den:
538 2305 634 2369 „in
684 2305 792 2355 sich
843 2306 1003 2356 selbst
1045 2322 1365 2358 zusammen-

341 2373 618 2438 biingen.“
662 2371 728 2422 So
756 2375 817 2423 de
843 2374 956 2424 har.
986 2390 1120 2442 resp.
1149 2377 1235 2440 27,
1265 2377 1362 2427 60:
1884 2371 2135 2443 Ἀχαιῶν,

340 2443 440 2492 uix
476 2442 634 2504 haec,
687 2445 740 2492 si
768 2443 1004 2507 undique
1035 2445 1361 2509 fulciamus,
1468 2438 1692 2501 Πολλὰς
1721 2442 1780 2495 ἐκ
1802 2446 2045 2511 κεφαλῆς
2068 2438 2499 2516 προθελύμνους

301 2523 315 2529 ·
343 2511 726 2561 cohaerebunt.
768 2509 883 2575 Vgl.
912 2510 975 2563 V.
1006 2512 1091 2577 28,
1123 2515 1207 2564 80.
1888 2509 2072 2564 ἕλκετο
2090 2516 2315 2585 χαίτας.

412 2579 921 2645 quasisolutionem.
951 2579 1133 2647 Einige
1146 2582 1363 2634 Hdschr.
1469 2582 1551 2637 Zu
1588 2583 1901 2632 Homericus
1926 2584 2027 2631 und
2051 2582 2326 2634 Accianus
2365 2583 2495 2648 „bei

341 2646 509 2698 haben
525 2648 986 2715 vervollstiindigt:
1015 2667 1173 2717 quasi
1166 2644 1362 2712 λύσιν,

339 2716 401 2767 id
435 2722 521 2767 est
553 2717 897 2769 solutionem.
959 2718 1094 2770 Plat.
1140 2720 1284 2771 Crat.
1313 2738 1363 2788 p.

338 2785 512 2835 4190·
543 2780 587 2865 ἡ
622 2780 770 2851 λύπη
796 2781 911 2837 ἀπὸ
939 2788 1035 2851 τῆς
1060 2783 1368 2847 διαλύσεως

339 2854 438 2903 τοῦ
475 2848 735 2933 σώματος
770 2853 946 2909 ἔοικεν
965 2855 1366 2939 ἐπονομασθῆ-

337 2936 462 2980 ναι,
504 2913 572 2984 ἣν
608 2919 670 2972 ἐν
707 2917 884 2989 τούτῳ
912 2926 990 2989 τῷ
1016 2920 1195 2977 πάθει
1220 2928 1368 2993 ἴσχει

339 2983 404 3039 τὸ
445 2989 628 3068 σῶμα.
688 2989 760 3039 Ιιιι
783 2990 1214 3058 Etymologisiren
1250 3011 1367 3046 ver-

338 3055 524 3108 fuhren
561 3056 641 3106 die
666 3055 819 3107 Alten
857 3060 931 3109 oft
959 3062 1079 3110 sehr
1100 3062 1366 3113 willkiihr-

338 3124 463 3175 lich.

407 3200 477 3247 ut
492 3196 765 3261 principio
792 3195 943 3246 dioei:
982 3212 1026 3246 c.
1062 3198 1146 3261 10,
1174 3199 1314 3262 §23.

409 3268 663 3325 et—ac,
693 3279 737 3314 s.
765 3262 897 3314 zuI.
925 3265 1013 3330 40,
1043 3266 1128 3316 95.

408 3326 515 3389 26.
556 3331 641 3381 62.
675 3333 959 3397 paedores.
998 3333 1142 3384 Auch
1161 3333 1365 3385 Unsau-

335 3387 567 3450 berkeit
580 3401 855 3465 (gewohnl.
895 3403 1110 3468 sordes)
1152 3404 1363 3468 gehiirte

334 3465 423 3517 bei
448 3468 543 3519 den
570 3468 722 3519 Alten
750 3486 816 3519 zu
842 3470 939 3520 den
960 3469 1185 3571 Zeicben
1212 3472 1365 3524 tiefer

334 3533 554 3587 Trauer.

407 3606 694 3656 muliebres
720 3607 1094 3658 lacerationes.
1123 3607 1254 3659 Εἰιιο
1274 3610 1365 3660 leoe

336 3670 437 3724 XII
464 3670 603 3724 tabl».
635 3673 719 3736 (de
743 3674 877 3740 legg.
908 3674 972 3725 11.
989 3676 1053 3726 23
1061 3678 1184 3742 ,59)
1211 3685 1360 3743 sagn:

335 3741 595 3793 Mulieres
638 3758 810 3825 genas
856 3760 921 3794 ne
955 3746 1196 3798 radunto
1238 3763 1365 3797 neve

339 3807 799 3879 lessumfunens:
800 3828 928 3877 ergo
954 3816 1207 3866 habento.

341 3877 765 3995 1⁴¹=Agamemno]
791 3881 1122 3935 Homericus.
1179 3882 1240 3934 ΙΙ.
1287 3882 1358 3935 X.

439 3960 498 4011 8‘1

1470 2650 1657 2701 Homer
1679 2677 1749 2687 —-
1772 2650 1854 2700 bei
1886 2650 2116 2701 Accius“
2155 2651 2262 2716 vgl.
2302 2651 2386 2716 27,
2426 2653 2493 2702 65

1468 2720 1560 2770 ille
1588 2718 1942 2769 Terentianus
1978 2723 2093 2784 ipse
2128 2736 2185 2768 se
2201 2724 2494 2786 poenisus,-

1470 2788 1532 2838 dc
1571 2787 1654 2838 off.
1705 2787 1745 2838 1.
1785 2788 1837 2851 9,
1881 2788 1944 2838 30
1999 2788 2354 2840 Terentianus
2402 2789 2497 2839 ille

1472 2857 1754 2916 Chremes,-
1788 2824 1999 2921 3'2,118
2024 2857 2279 2907 Hercules
2301 2857 2497 2908 Prodi-

1470 2930 1602 2990 eius,
1631 2943 1685 2975 u.
1716 2928 1775 2974 Α.

1535 2994 1597 3044 In
1646 3010 1771 3060 quo.
1832 2994 1893 3044 In
1942 3011 1988 3044 c.
2025 2994 2142 3044 Abl.
2182 2994 2373 3045 kommt
2407 2994 2492 3046 bei

1470 3062 1645 3112 dicere
1682 3063 1806 3113 oder
1843 3063 1934 3113 der
1954 3061 2146 3128 Ellipse
2174 3063 2339 3114 dieses
2363 3061 2497 3114 Ver-

1469 3129 1614 3179 bums
1639 3129 1774 3180 &fter
1796 3146 1923 3195 vor,
1961 3148 2011 3181 z.
2037 3131 2096 3181 B.
2127 3133 2188 3181 de
2215 3131 2300 3182 off.
2330 3131 2371 3182 l.
2400 3131 2493 3197 39,

1473 3198 1599 3249 139:
1639 3199 1787 3265 quod
1818 3204 1876 3250 in
1911 3202 2103 3251 multis
2129 3201 2257 3251 licet
2280 3201 2494 3264 dicere,-

1470 3267 1532 3316 de
1583 3273 1714 3316 orat.
1765 3266 1832 3318 11.
1879 3269 1965 3332 61,
2003 3269 2137 3319 248.
2200 3270 2494 3320 ridiculum

1470 3341 1556 3386 est
1590 3336 1730 3386 illud
1752 3335 2121 3388 Neronianum
2147 3344 2300 3388 vetus
2324 3337 2497 3403 infu-

1468 3419 1595 3454 race
1616 3418 1791 3455 servo.
1828 3403 1948 3469 vgl.
1977 3405 2105 3456 oben
2131 3422 2198 3456 zu
2226 3406 2309 3471 18,
2337 3406 2426 3456 39.

1535 3473 1664 3535 Bia,
1719 3468 1746 3523 ὃ
1781 3476 2223 3556 Βορυσθενίτης,
2266 3490 2351 3525 um
2389 3475 2491 3524 300

1465 3557 1518 3592 v.
1546 3541 1668 3592 Cbr.
1657 3578 1694 3607 .,
1737 3540 2081 3610 Cyrenaiker,
2127 3544 2302 3610 spiitcr
2338 3542 2497 3610 Cyni-

1467 3609 1578 3674 ker,
1607 3625 1720 3660 war
1743 3610 1819 3660 als
1844 3581 2145 3663 satirisclier
2169 3610 2495 3662 Schriftstel-

1464 3679 1573 3729 ler
1596 3674 1828 3730 Lucinas
1884 3678 2118 3731 Vorbild.
2193 3679 2311 3744 vgl.
2363 3678 2491 3730 Hor.

1468 3747 1618 3814 epist.
1647 3746 1711 3800 ΙΙ.
1741 3747 1791 3811 2,
1821 3749 1907 3799 60.

1535 3817 1623 3866 63.
1665 3822 1724 3867 et
1741 3817 2047 3880 Aeschines,
2076 3818 2209 3870 ins.
2239 3816 2377 3869 Rede
2403 3833 2493 3882 ge-

1468 3900 1564 3948 gen
1613 3885 1888 3951 Ctesiphon
1937 3887 1964 3950 5
2002 3888 2087 3937 77.
2114 3915 2184 3924 -
2218 3884 2388 3938 Ueber
2435 3891 2495 3936 et

1468 3952 1546 4004 als
1579 3953 1764 4020 partic.
1792 3955 2016 4020 pendens
2049 3970 2093 4005 s.
2124 3970 2171 4006 c.
2198 3955 2250 4019 3,
2281 3957 2311 4005 5
2339 3972 2407 4005 zu
2434 3960 2493 4006 et
