2784 4534
929 292 1309 368 ..mmm
1343 312 1556 383 3883.
1587 316 1671 366 84.
2116 277 2127 289 ’
2222 302 2379 368 »209
2436 344 2440 349 -

235 468 458 572 tempta
489 485 549 537 et
580 474 789 538 dolore
820 474 893 537 ad
924 462 1264 557 patiendum
1296 475 1529 557 levato,
1580 471 1963 539 adiunximus
2007 475 2381 539 sedationem

235 556 674 642 aegritudinis,
716 581 831 642 qua
860 559 1088 622 nullum
1120 559 1345 645 homini
1389 560 1612 623 malum
1645 560 1836 624 maius
1867 569 1981 623 est.
2049 560 2210 641 Etsi
2224 561 2383 625 enim

173 660 174 667 ¹
235 644 429 709 omnis
461 645 644 708 animi
675 644 1042 738 perturbatio
1072 645 1280 729 gravis
1312 656 1413 709 est
1436 648 1547 709 neo
1568 646 1819 709 multum
1850 646 2047 708 differt
2077 647 2148 709 ab
2179 664 2382 710 amen-

234 728 357 808 tia,
403 740 603 793 tamen
634 727 728 792 ita‘
751 742 1022 807 ceteroS‚
1076 752 1253 813 quum
1298 741 1439 794 sunt
1477 731 1542 794 in
1572 731 1774 815 aliqua
1802 730 2248 814 perturbatione
2279 741 2383 797 aut

232 825 424 880 metus
456 827 558 880 aut
587 816 850 879 laetitiae
882 827 986 880 aut
1015 814 1375 899 eupiditatiS‚
1414 827 1741 881 commotos
1773 816 1947 880 modo
1981 826 2042 879 et
2071 816 2383 914 perturba-

232 908 345 962 tos
356 898 555 964 dieere
586 902 886 979 solemus3
937 911 998 964 at
1029 918 1170 978 eos,
1219 900 1321 983 qui
1351 918 1420 963 se
1449 900 1816 987 aegritudini
1847 900 2237 978 dediderunt,
2271 901 2399 963 mi-'

231 1004 436 1063 seros,
474 970 759 1064 afflietoS,
797 1007 1226 1063 aerumnosos,
1264 986 1669 1051 calamitosos.
1747 987 1954 1068 Itaque
1985 1008 2106 1049 non
2137 987 2383 1050 fortuito
2415 996 2480 1048 83

173 1111 179 1131 ,
230 1069 446 1134 factum
475 1068 750 1149 videtur,
801 1073 907 1145 sed
951 1094 988 1136 a
1031 1082 1092 1134 te
1136 1071 1370 1135 ratione
1403 1072 1808 1156 propositum,
1857 1081 1924 1134 ut
1952 1071 2275 1156 separatim
2307 1073 2381 1136 de

225 1157 603 1257 aegritudine
635 1170 697 1222 et
725 1119 798 1221 de
830 1158 1061 1221 ceteris
1087 1154 1635 1256 perturbationibus
1674 1157 2151 1241 disputaremus·
2133 1203 2150 1235 ,
2199 1158 2264 1220 in
2309 1178 2383 1223 ea

227 1252 322 1304 est
345 1243 512 1305 enim
542 1238 676 1308 fons
708 1236 1082 1308 miseriarum
1117 1255 1179 1306 et
1207 1253 1405 1327 eaput.

304 1341 311 1347 '
398 1329 516 1395 Sed
548 1340 610 1392 et
636 1329 1027 1414 aegritudinis
1060 1340 1120 1391 et
1147 1329 1301 1411 reliq
1303 1348 1517 1392 uorum
1542 1327 1727 1393 animi
1755 1327 2119 1393 morborum
2130 1348 2250 1392 una
2281 1342 2379 1392 33]-

228 1412 390 1485 natio
424 1425 555 1492 est,
591 1436 798 1479 omnes
831 1413 1160 1498 opinabiles
1183 1434 1327 1478 esse
1360 1425 1423 1476 et
1451 1413 1867 1490 voluntarioS‚
1918 1417 2001 1477 ea
2027 1430 2212 1495 reque
2243 1434 2378 1478 sus-

227 1496 381 1580 cipi,
432 1501 590 1582 quod
631 1501 719 1563 ita
759 1510 991 1562 rectum
1040 1518 1177 1562 esse
1199 1499 1515 1562 videatur.
1629 1499 1798 1561 Hune
1843 1518 2152 1574 errorem,
2202 1498 2393 1580 quasi!

225 1584 492 1648 radicem
522 1585 814 1647 malorum
845 1585 1131 1682 omnium,
1160 1584 1438 1666 stirpitus
1472 1583 1843 1666 philosophia
1873 1603 1940 1647 se
1972 1593 2378 1650 extracturam

221 1661 567 1767 pollieetur.
657 1671 879 1732 Demus
909 1669 1102 1752 igitur
1127 1690 1236 1732 nos
1268 1668 1417 1731 huie
1436 1668 1796 1732 excolendos
1828 1667 2238 1766 patiamurque
2268 1689 2380 1734 nos
2411 1679 2479 1730 84

224 1754 456 1817 sanari.
536 1754 643 1818 His
676 1755 837 1817 enim
868 1754 1043 1817 malis
1074 1753 1507 1830 insidentibuS,
1561 1768 1682 1817 non
1713 1748 1887 1816 modo
1918 1752 2114 1829 beati,
2165 1753 2271 1815 sed
2301 1767 2378 1816 ne
2430 1801 2435 1807 .

226 1839 362 1922 sani
409 1841 644 1923 quidem
692 1861 827 1905 esse
878 1860 1217 1922 possumuS.
1294 1838 1418 1901 Aut
1457 1838 1645 1937 igitur
1689 1858 1974 1937 negemus
1994 1883 2012 1915 ,
2063 1837 2379 1922 quicquam

225 1912 464 1989 ratione
496 1925 707 1990 confici
731 1972 747 2002 ,
798 1947 976 2008 quum
1022 1935 1231 1988 eontra
1261 1922 1411 1987 nihil
1456 1926 1588 1987 sine
1618 1922 1855 1986 ratione
1881 1933 2047 2001 reete
2080 1922 2212 1984 fieri
2241 1945 2379 2006 pos-

223 2006 344 2089 sit,
379 2023 516 2089 aut,
570 2017 747 2094 quum
779 2009 1149 2113 philosophia
1180 2029 1261 2072 ex
1289 2005 1593 2072 rationum
1628 1992 1954 2107 ‘eollatio’ne
1986 2017 2256 2085 constet,
2306 2008 2380 2071 ab

225 2113 332 2173 ea,
372 2097 424 2160 si
457 2107 518 2160 et
542 2097 683 2160 boni
716 2107 776 2159 et
804 2094 964 2160 beati
994 2096 1270 2159 volumus
1304 2102 1465 2172 esse,
1509 2093 1712 2158 omnia
1740 2093 2081 2158 adiumenta
2111 2104 2173 2157 et
2201 2093 2377 2157 auxi-

224 2176 309 2245 lia
338 2196 608 2267 petamus
639 2182 792 2246 bene
821 2181 1111 2264 beateque
1140 2181 1409 2245 vivendi.

230 2387 1288 2524 101323235535255.5.31055225;.22⁴5⁹-
1351 2387 1467 2506 ῗξὲ
1496 2387 1613 2506 2ῗέ
1640 2401 1805 2505 ἰῗνζὶἐ
1832 2402 1944 2505 Ἵὲῗ.
1956 2385 2382 2518 Ψῗὲζέἑιῧέῗῧὲἷ

1353 2520 1460 2575 sich
1489 2518 1569 2574 die
1593 2522 1912 2589 Anhangung
1934 2536 2032 2573 von
2067 2538 2170 2589 que
2196 2537 2260 2572 an
2287 2523 2380 2573 das

1354 2593 1539 2644 zweite
1574 2591 1729 2644 Wort
1771 2592 1853 2642 bei
1893 2590 2077 2641 Cicero
2110 2591 2245 2641 wohl
2282 2601 2381 2641 mn·

1353 2662 1483 2713 nach
1507 2660 1893 2726 Priipositionen
1928 2660 2046 2725 (aus
2088 2658 2380 2710 demselbnn

1355 2714 1609 2799 Grande),
1634 2744 1715 2784 wo
1739 2729 1813 2779 sie
1841 2742 1994 2791 cogar
2014 2728 2107 2776 das
2129 2725 2380 2777 Gewiihn-

972 2826 978 2847 ι
1351 2789 1544 2850 lichere
1570 2798 1654 2847 ist.

301 2884 365 2918 ea
414 2884 594 2934 reque.
656 2866 751 2916 Die
788 2865 1105 2930 Anhangung
1149 2884 1247 2918 von
1423 2869 1510 2918 84.
1564 2864 1843 2917 rationum
1928 2861 2378 2928 „Vernunftgriin-

223 2951 332 3003 que
369 2951 435 2987 an
471 2952 530 2986 re
579 2936 648 2987 ist
679 2934 900 2987 dadureh
939 2935 1248 3000 gereohtfer-
1353 2937 1483 2989 de“.

298 2561 383 2613 83.
424 2572 536 2611 τίκα
581 2564 801 2611 sanatio
851 2567 961 2624 est,
1000 2559 1249 2623 ergiinze

225 2646 396 2696 quum
423 2630 671 2685 docemus
697 2629 819 2677 oder
844 2629 1059 2689 dooere,-
1096 2626 1247 2680 s.111.

226 2697 328 2761 31,
382 2698 449 2747 76
497 2714 562 2747 zu
623 2699 858 2761 officinm
922 2696 1251 2747 consolantis

217 2771 441 2834 putent.
579 2770 582 2771 ’

298 4049 396 4097 cie.
423 4051 606 4096 Taueni.
835 4022 888 4077 Γ
1045 4024 1064 4043 ’
1453 4043 1455 4046 ⁴
2037 4029 2105 4082 14
