2784 4534
22 532 137 1281 ι’

352 14 575 102 ὭῚΕΗ
614 16 725 51 Α]

474 88 545 127 ΘΓ
579 86 683 123 ἶὲῑ
2278 114 2294 120 ἒ

324 140 858 221 UNWERSWY

340 302 500 401 ἰι
534 0 1315 364 .ρ.,,ιι)ι.ιιιιιιι·ι
1321 286 1407 353 31,
1440 286 1528 337 75
1559 286 1656 339 76.
1746 340 1750 344 ,
2299 281 2381 342 47

229 457 439 526 tamen
464 394 576 507 illa
603 444 804 508 vinela
831 447 1090 511 carceris
1120 448 1352 530 ruperit
1383 446 1576 530 (leges
1608 446 1770 508 enim
1790 447 2061 531 vetant),
2093 449 2205 513 sed
2233 459 2382 513 tam

232 553 413 613 quam
445 553 483 593 a
510 530 866 613 magistratu
897 542 1002 594 aut
1029 531 1103 594 ab
1129 532 1327 614 aliqua
1356 542 1652 616 potestate
1685 531 2000 614 legitima,
2066 533 2153 598 sic
2192 556 2255 596 a
2272 536 2382 600 deo

233 627 522 681 evocatus
569 627 749 699 atque
795 616 1052 683 emissus
1099 618 1340 680 exierit.
1446 616 1607 682 Tota
1668 617 1829 680 enim
1863 619 2380 743 phalosoplwram

231 704 400 779 vita,
438 713 520 764 ut
535 702 619 765 ait
647 702 843 778 idem,
881 705 1308 769 commentatio
1338 706 1558 768 mortis
1587 714 1700 765 est.

327 803 555 867 Nam
588 804 728 886 quid
759 803 918 867 aliud
948 805 1179 887 agimus
1199 850 1216 882 ,
1277 826 1457 886 quum
1488 826 1525 868 a
1551 805 1892 887 veluptate,
1931 782 2003 867 ld
2048 816 2142 869 est
2186 827 2222 867 a
2248 812 2383 870 ‘eor-
2406 808 2487 880 31

227 908 410 973 pore,
461 909 640 979 quum
694 910 730 951 a
772 910 841 952 re
886 889 1198 967 familiari,
1247 910 1400 971 quae
1444 901 1538 954 est
1585 891 1862 955 ministra
1909 900 1974 952 et
1998 890 2221 952 famula
2251 913 2383 955 cor·
2415 909 2479 958 75

227 976 394 1059 poris
413 1021 431 1052 ,
500 997 678 1057 quum
728 995 764 1036 a
794 995 862 1037 re
894 975 1158 1058 publica,
1224 996 1406 1075 quum
1453 997 1490 1038 a
1534 977 1787 1075 negotio
1821 976 1985 1039 omni
2031 994 2379 1074 sevocamus
2524 978 2528 989 '

200 1062 545 1139 animum?
574 1060 748 1142 quid,
785 1061 1044 1144 inquam,
1078 1071 1205 1123 tum
1235 1061 1491 1144 agimus,
1542 1061 1659 1125 nisi
1691 1061 1954 1126 animum
1986 1062 2060 1124 ad
2091 1080 2157 1125 se
2188 1061 2382 1144 ipsum

228 1148 592 1210 advocamus
614 1192 630 1223 ,
683 1166 885 1210 secum
931 1166 1066 1211 esse
1111 1145 1376 1229 cogimus
1410 1147 1790 1230 maximeque
1838 1169 1902 1211 a
1918 1166 2168 1231 corpore
2198 1146 2381 1211 abdu-

228 1232 465 1298 cimus?
523 1232 850 1295 Secernere
897 1241 1095 1295 autem
1129 1252 1177 1294 a
1221 1253 1473 1316 corpore
1518 1232 1780 1296 animum
1825 1233 2172 1314 ecquidnam
2219 1233 2380 1296 aliud

226 1329 323 1382 est
357 1339 533 1400 quam
566 1317 756 1380 emori
787 1316 1017 1381 discere
1033 1319 1062 1379 ’ἒ
1107 1317 1305 1396 Quare
1336 1318 1447 1381 hoc
1476 1329 1964 1396 commentemur,
2002 1318 2147 1381 mihi
2177 1320 2373 1396 crede,

228 1403 756 1486 disiungamusque
788 1424 903 1467 nos
930 1425 966 1467 a
997 1403 1383 1503 corporibus,
1434 1405 1493 1466 id
1525 1415 1655 1481 est,
1703 1422 2165 1469 consuescamus
2197 1406 2374 1467 mori.

227 1489 354 1552 Hoc
384 1500 481 1564 et,
517 1488 654 1551 dum
687 1489 909 1552 erimus
940 1489 1004 1551 in
1035 1490 1251 1566 terris,
1303 1489 1423 1552 erit
1451 1489 1539 1551 illi
1570 1489 1815 1554 caelesti
1857 1489 2019 1552 vitae
2051 1489 2283 1567 simile,
2321 1501 2381 1552 et

216 1595 410 1661 quum
456 1535 597 1637 illuc
645 1594 722 1636 ex
752 1574 860 1639 his
902 1575 1116 1639 vinclis
1163 1574 1370 1639 emissi
1428 1575 1726 1638 feremur
1713 1606 1730 1652 ,·
1797 1575 1992 1639 minus
2048 1536 2377 1638 tardabitur

225 1682 442 1725 cursus
487 1660 847 1743 animorum.
938 1659 1128 1724 Nam
1134 1660 1234 1741 qui
1281 1660 1345 1721 in
1404 1661 1782 1743 compedibus
1827 1660 2100 1742 eorporis
2142 1680 2379 1743 semper

225 1748 509 1823 fuerunt,
568 1746 782 1822 etiam,
835 1767 1016 1827 quum
1047 1745 1228 1809 soluti
1258 1755 1438 1821 sunt,
1473 1745 1703 1809 tardius
1734 1745 2176 1833 ingrediuntur,
2213 1755 2280 1808 ut
2309 1746 2375 1823 ii,

227 1833 329 1914 qui
359 1832 524 1894 ferro
554 1831 740 1894 vincti
764 1831 985 1894 multos
1018 1852 1213 1894 annos
1255 1831 1521 1892 fuerunt.
1602 1830 1730 1909 Quo
1773 1851 1954 1912 quum
1998 1830 2370 1908 venerimuS,

223 1928 375 1981 tum.
385 1916 640 1998 denique
666 1917 966 1980 vivemus.
1044 1915 1197 1980 Nam
1229 1915 1374 1978 haec
1405 1915 1656 1998 quidem
1671 1915 1798 1980 vita
1826 1935 1992 1981 ιιιοι·3
2023 1926 2152 1992 est,
2200 1936 2375 1998 quam

227 2002 545 2066 lamentari
575 2022 847 2085 possem,
886 2002 939 2066 si
971 2001 1205 2064 liberet.

397 2104 492 2167 A.
548 2103 703 2167 Satis
749 2114 818 2166 tu
849 2104 1134 2186 quidem
1115 2126 1177 2166 ιιι
1209 2094 1637 2168 Consolatione
1670 2123 1735 2167 es
1769 2102 2163 2166 lamentatum
2202 2124 2376 2185 quam
2409 2117 2472 2167 76

227 2211 406 2271 quum
454 2188 633 2274 lego,
694 2188 857 2252 nihil
884 2189 1080 2267 malo,
1133 2212 1309 2283 quam
1355 2190 1462 2253 has
1508 2209 1608 2254 res
1649 2189 2038 2271 relinquere,
2100 2187 2193 2253 his
2224 2209 2372 2253 vero

228 2356 449 2410 Gratum.
479 2360 651 2424 5511.
705 2359 821 2424 Vgl.
852 2360 996 2425 11.6,
1028 2362 1090 2412 16
1119 2378 1250 2433 per-
1344 2410 1369 2420 ⁷.
1422 2357 1516 2417 31.
1570 2361 1653 2411 75.
1697 2361 2110 2428 ecquidnam—
2136 2360 2378 2412 discere?

230 2430 427 2479 tulerit
446 2454 521 2465 -
543 2428 853 2480 decreverit.
1351 2432 1481 2480 nach
1508 2430 1605 2481 den
1630 2429 1825 2496 Spuren
1851 2431 1944 2481 der
1964 2429 2180 2481 Hdschr.
2209 2445 2378 2482 emen·

292 2513 454 2563 saepe
476 2497 665 2547 malm
688 2521 759 2538 ==
782 2500 987 2563 multis,
1019 2500 1118 2549 alii
1139 2500 1247 2550 alio
1351 2498 1474 2549 dirt.
1538 2498 1634 2549 Die
1672 2498 1896 2563 Vulgata
1943 2515 2038 2550 nec
2080 2499 2377 2565 quidquam

228 2572 484 2632 tempore.
563 2565 630 2615 So
678 2566 741 2616 de
790 2566 875 2618 off.
927 2568 969 2618 1.
1010 2568 1107 2630 22,
1146 2569 1242 2618 74:
1351 2567 1522 2619 aliud
1529 2574 1613 2618 est
1634 2571 1779 2618 mori
1800 2569 2003 2619 discere
2033 2567 2102 2619 ist
2126 2566 2253 2618 auch
2281 2582 2378 2617 nur

223 2634 393 2689 Multi
464 2634 600 2684 bella
668 2651 828 2702 saepe
898 2640 1250 2715 quaesierunt
1353 2634 1635 2701 Conjectur
1659 2635 1782 2700 (von
1811 2636 2066 2703 Bentley.)

216 2706 453 2770 propter
483 2703 696 2769 gloriae
721 2701 1102 2770 cupiditatem,
1144 2706 1246 2755 und
1419 2706 1558 2755 mihi
1588 2705 1773 2768 crede,
1815 2720 1915 2754 von
1943 2653 2052 2754 Cic.
2081 2703 2197 2767 (mit
2222 2702 2376 2751 weni-

225 2773 375 2823 {ister-
1349 2787 1446 2836 gen
1457 2771 1821 2822 Ausnahmen
1807 2789 1856 2821 ιιι
1886 2787 1930 2821 3.
1945 2760 2212 2832 Brsefen)
2197 2784 2376 2819 immet·

290 2857 393 2892 nae
415 2839 499 2890 bei
523 2840 742 2890 Cicero‘
729 2856 908 2892 unmer
933 2857 1029 2891 nur
1052 2841 1104 2890 in
1119 2839 1247 2891 Ver·
1350 2855 1418 2890 so
1455 2840 1696 2904 gestellt,
1751 2855 1836 2889 um
1883 2840 1978 2889 den
2028 2837 2375 2889 Pentameter-

223 2910 450 2972 hindung
495 2909 588 2959 mit
625 2910 788 2960 ciuem
824 2908 1134 2974 Pronomen3
1188 2925 1244 2958 so
1346 2923 1579 2973 ausgang
1624 2925 1691 2958 zu
1736 2908 2068 2969 vermeiden3
2133 2908 2241 2971 vgl.
2284 2906 2371 2972 43,

222 2979 306 3043 42,
330 2978 398 3028 49
424 2994 476 3027 ιι.
506 2975 595 3027 ΠΙ.
623 2980 677 3042 4,
705 2978 754 3030 8.
1283 2977 1294 2984 ’
1352 2976 1782 3042 103;11.4,10.

288 3053 395 3097 aut
417 3047 485 3097 ab
501 3047 688 3112 aliqua
698 3052 1003 3113 potestate.
1035 3048 1245 3112 Aliquis
1418 3047 1532 3098 Hoc
1556 3053 1614 3101 et
1637 3014 1722 3097 fiir
1742 3047 1820 3098 Et
1844 3047 1957 3110 hoc,
2000 3060 2083 3096 um
2109 3047 2210 3096 Ιιοο
2233 3028 2388 3097 mehr-

222 3116 291 3166 ist
313 3116 375 3165 ni
390 3132 419 3167 c
434 3116 464 3165 h
480 3123 503 3164 t
523 3137 594 3156 -—--
607 3116 748 3166 alias
761 3120 900 3182 quis,
918 3116 1017 3167 wie
1029 3114 1243 3166 Manche
1350 3114 1705 3168 hervortreten
1732 3132 1798 3166 zu
1823 3115 2011 3166 lassen.

222 3185 444 3248 minen,
462 3184 691 3235 sunder-11
707 3190 811 3235 aut
832 3186 1030 3251 aliquis
1050 3184 1239 3236 heisst:
1423 3191 1539 3236 tum
1589 3185 1818 3251 denique
1840 3187 2090 3234 vivemus.
2152 3182 2269 3246 Vgl.
2309 3183 2371 3235 de

227 3253 423 3317 „odet-2
462 3252 748 3319 iiberhaupt
793 3252 972 3315 irgend
1032 3253 1240 3303 einer“.
1349 3268 1459 3320 rep.
1486 3251 1576 3304 vl.
1610 3254 1705 3305 14:
1745 3252 1914 3304 Immo
1953 3268 2077 3302 vat-o
2100 3255 2146 3301 ii
2165 3255 2369 3315 vivunt,

224 3321 343 3386 Vgl.
372 3319 463 3380 111,
495 3322 580 3384 14,
607 3322 705 3371 29:
740 3328 844 3373 aut
865 3323 1107 3388 aliquam
1128 3337 1245 3371 mo·
1349 3326 1448 3388 qui
1457 3336 1526 3381 exp
1539 3337 1827 3388 corporum
1840 3321 2066 3370 vinculis
2091 3325 2373 3384 tamquam

226 3391 326 3440 lem
348 3390 489 3441 mali
497 3408 515 3450 ,·
549 3390 621 3440 ib.
653 3391 737 3455 19,
765 3391 861 3440 44:
913 3394 1015 3440 aut
1037 3389 1246 3456 aliquid
1350 3408 1377 3441 e
1409 3404 1623 3441 carcere
1648 3390 2022 3448 evolaverunt5
2045 3393 2228 3438 vestra
2246 3403 2371 3438 vero

225 3459 500 3510 σίιιεηιοάί.
1349 3476 1489 3526 quae
1528 3459 1732 3509 diff-etw-
1760 3460 1905 3520 vita,
1947 3472 2096 3507 mors
2122 3461 2234 3516 θεὴ·
2269 3456 2371 3505 und

293 3531 673 3579 commentatio
699 3532 895 3579 mortis
911 3546 929 3577 .-
962 3526 1116 3590 „eine
1142 3525 1244 3577 To-
1318 3525 1651 3593 ‘Em-ipides.
1683 3528 1766 3583 τίς
1790 3521 1957 3586 οἶδεν,
1985 3526 2036 3575 εὶ
2060 3519 2121 3575 τὸ
2143 3522 2245 3587 ζῆν
2265 3525 2372 3593 μέν

222 3595 675 3660 desbetrachtung,
737 3595 1112 3658 Vorbereitung
1157 3596 1251 3647 auf
1344 3594 1467 3646 ἔστι
1504 3598 1835 3654 κατθανεῖν,
1878 3588 1939 3644 τὸ
1975 3596 2280 3653 κατθανεῖν
2310 3590 2374 3644 δὲ

223 3665 317 3716 den
354 3663 528 3716 Tod“.
578 3664 791 3729 vg1.11.
825 3665 920 3729 18,
959 3664 1024 3714 42
1066 3681 1119 3714 ιι.
1148 3662 1238 3717 ΙΙΙ.
1347 3665 1470 3729 ciim-

224 3734 318 3799 16,
369 3733 456 3783 34.
481 3733 706 3785 ¹—Plat.
759 3703 946 3785 Phaed.
998 3747 1049 3799 p.
1096 3733 1237 3785 6711:
1418 3734 1501 3783 76.
1541 3735 1598 3781 in
1639 3731 2050 3794 Consolatione,
2092 3745 2135 3780 s.
2177 3745 2246 3779 zu
2281 3730 2368 3794 25,

227 3770 318 3852 Τὸ
323 3803 605 3883 μελέτημα
639 3795 775 3853 αὐτὸ
803 3795 961 3855 τοῦτό
987 3801 1107 3852 ἐστι
1133 3803 1244 3853 τῶν
1345 3803 1433 3852 65.

223 3865 579 3954 φιλοσόφων,
628 3865 784 3928 λύσις
804 3872 913 3922 καὶ
953 3865 1244 3942 χωρισμὸς
1415 3872 1516 3921 lun
1579 3884 1692 3931 res,
1770 3864 2084 3924 δεικτικῶς.·
2188 3867 2370 3933 „dieze

224 3941 404 4007 ψυχῆς
430 3956 545 3990 ano
573 3934 848 4006 σώματος.
1343 3937 1556 3992 We1t“.
1581 3976 1584 3977 γ
