2784 4534
400 288 521 350 144
991 296 1271 349 LIBER
1304 297 1387 349 111.
1421 297 1506 363 22,
1541 298 1624 349 54.
1682 297 1771 364 23,
1805 298 1887 348 55.

397 460 603 523 eadem
632 454 739 528 illa
768 459 842 522 de
870 457 1278 523 Andromacha
1307 457 1653 542 deplorare.
1698 456 1877 521 Haec
1906 462 2107 521 omnia
2146 458 2336 523 vidi.
2456 506 2515 533 .,

395 546 548 610 sed
530 567 649 609 iam
679 545 1141 628 decantaverant
1169 546 1447 608 sortasse.
1495 545 1584 607 Eo
1615 543 1773 607 enim
1803 555 1974 607 erant
2001 544 2195 621 vultu,
2219 544 2516 621 oratione,

396 631 559 696 omni
587 631 817 729 reliquo
847 640 1011 695 motu
1052 640 1110 692 et
1143 640 1336 706 statu,
1382 640 1449 692 ut
1490 650 1595 693 eos
1628 628 1917 712 Argivos
1932 641 2034 693 ant
2071 631 2387 715 Sicyonios
2434 631 2523 693 di-

397 736 604 795 ceres·
645 716 950 801 magisque
981 735 1075 778 me
1106 725 1418 779 moverant
1449 715 1719 778 Corinthi
1749 714 1944 779 subito
1976 716 2288 800 adspectae
2326 716 2521 800 parie-

393 804 576 879 tinae,
613 823 784 885 quam
815 802 977 901 ipsos
1000 801 1365 878 CorinthioS,
1403 823 1650 884 quorum
1681 800 1895 864 animis
1926 801 2205 866 diuturna
2234 802 2518 888 cogitatio

392 889 606 952 callum
634 887 952 952 vetustatis
984 888 1340 951 obduxerat.

295 988 360 1039 54
559 974 841 1059 Legimus
870 974 1084 1037 librum
1117 973 1508 1050 Clitomachi,
1559 994 1733 1055 quem
1777 973 1882 1035 ille
1913 993 2127 1038 eversa
2157 973 2522 1060 Karthagine

345 1060 555 1124 misit
584 1059 928 1122 consolandi
960 1080 1172 1122 caussa
1202 1059 1274 1122 ad
1304 1058 1570 1157 captivos
1602 1058 1763 1122 cives
1794 1056 1970 1139 'suos3
2002 1059 2067 1121 in
2098 1077 2186 1122 eo
2200 1069 2295 1124 est
2323 1061 2521 1155 dispu-

393 1146 540 1210 tatio
571 1145 789 1229 scripta
805 1144 1152 1222 CarneadiS,
1187 1165 1360 1227 quam
1391 1165 1458 1207 se
1490 1144 1573 1206 ait
1599 1146 1662 1209 in
1693 1144 2181 1209 commentarium
2208 1143 2515 1211 retulisse.

395 1232 587 1312 Quum
616 1231 701 1293 ita
720 1229 986 1315 positum
1017 1239 1212 1307 esset,
1260 1230 1452 1293 videri
1495 1230 1625 1294 fore
1676 1231 1737 1292 in
1780 1231 2152 1314 aegritudine
2191 1232 2521 1315 sapientem

428 1316 584 1381 atria
644 1325 849 1400 capta,
914 1336 1064 1398 qnae
1107 1316 1448 1378 Carneades
1495 1326 1705 1379 contra
1749 1316 2006 1393 dixerit,
2071 1316 2293 1400 scripta
2350 1329 2514 1382 sunt.

285 1339 589 1467 ii’anta
628 1402 811 1485 igitur
840 1402 1193 1465 calamitatis
1240 1401 1573 1485 praesentis
1610 1402 1928 1478 adhibetur
1955 1423 1992 1465 a
2019 1402 2363 1501 philosopho
2393 1425 2522 1468 me-

394 1489 627 1565 dicina,
677 1499 893 1569 quanta
937 1487 1001 1549 in
1041 1488 1375 1550 inveterata
1408 1507 1493 1550 ne
1538 1473 1909 1550 desideratur
1950 1487 2220 1570 quidem·
2204 1534 2221 1566 ,
2286 1509 2428 1566 nec,
2465 1491 2541 1573 si,

394 1575 617 1656 aliquot
645 1573 842 1639 annis‘
866 1584 1000 1657 post
1029 1573 1181 1635 idem
1212 1572 1314 1635 ille
1343 1573 1497 1636 liber
1525 1573 1774 1657 captivis
1817 1573 2036 1638 missus
2069 1585 2261 1651 esset,
2309 1575 2522 1638 vulne-

390 1660 555 1724 ribus
580 1659 921 1722 mederetur
938 1705 955 1736 ,
1005 1660 1111 1724 sed
1142 1659 1539 1724 cicatricibus.
1620 1659 1853 1723 Sensim
1886 1660 2041 1721 enim
2073 1671 2133 1722 et
2161 1621 2521 1744 pedetentim

390 1745 778 1844 progrediens
812 1755 1174 1808 extenuatur
1203 1745 1407 1822 dolor·
1443 1766 1562 1808 non
1595 1768 1709 1828 quo
1738 1746 1865 1829 ipsa
1895 1745 2307 1808 resimmutari
2328 1747 2523 1811 soleat

393 1843 495 1897 aut
524 1830 748 1915 possit,
811 1832 917 1897 sed
961 1831 1056 1908 id,
1109 1831 1263 1914 quod
1304 1832 1460 1895 ratio
1495 1831 1811 1915 debuerat,
1860 1852 2002 1895 usus
2036 1831 2240 1908 docet,
2287 1832 2522 1896 minora

393 1937 529 1983 esse
561 1937 668 1994 ea,
706 1938 858 2000 quae
888 1917 1006 1981 sint
1037 1917 1172 1981 visa
1202 1916 1451 1980 maiora.

287 2001 375 2074 23
566 2002 716 2082 Quid
747 2024 891 2088 ergo
923 2024 1069 2086 opus
1102 2014 1216 2079 est,
1253 2002 1410 2064 dicet
1439 2002 1677 2084 aliquis,
1712 2002 1945 2065 ratione
1976 2014 2078 2065 aut
2107 2003 2349 2066 omnino
2381 2016 2523 2067 con-
2558 2000 2565 2007 Χ

294 2102 360 2152 55
390 2090 683 2154 solatione
712 2088 852 2165 illa,
899 2108 1013 2170 qua
1043 2087 1302 2151 solemus
1335 2087 1452 2164 uti,
1500 2110 1678 2169 quum
1721 2088 1923 2150 levare
1954 2088 2218 2151 dolorem
2249 2108 2524 2156 maeren-

389 2175 541 2238 tium
571 2175 884 2237 volumus.
863 2174 891 2215 '²
961 2173 1087 2235 Hoc
1117 2172 1274 2235 enim
1306 2173 1432 2235 fere
1462 2183 1585 2235 tum
1620 2173 1949 2241 habemus
1931 2195 1994 2236 ιιι
2023 2185 2330 2272 promptu,
2372 2174 2525 2238 nihil

360 2280 368 2297 ⁸
393 2269 669 2344 oportere
700 2258 1066 2357 inopinatum
1096 2258 1310 2320 videri.
1401 2257 1523 2321 Αιιι
1566 2262 1667 2342 qui
1696 2258 2066 2325 tolerabilius
2111 2259 2313 2323 feret
2296 2282 2546 2324 ιιιοοιιιω.Δ

392 2345 668 2421 modum,
713 2344 813 2427 qui
845 2344 1233 2427 cognoverit,
1284 2336 1533 2409 necesse
1577 2365 1712 2410 esse
1754 2345 1977 2408 homini
2021 2346 2142 2423 tale
2174 2345 2394 2428 aliq‘uid
2424 2368 2524 2409 ac-

401 2431 644 2494 cidere?
769 2430 929 2493 Haec
960 2429 1116 2492 enim
1148 2429 1340 2493 oratio
1373 2431 1493 2493 de
1475 2451 1605 2514 ipsa
1629 2451 1857 2495 summa
1886 2431 2027 2493 mali
2058 2418 2204 2494 nihil
2237 2432 2517 2508 detrahit,

391 2589 508 2639 kam
534 2587 598 2637 79
623 2602 675 2635 v.
706 2543 827 2639 Chr.
857 2587 982 2639 nach
1012 2583 1403 2650 Griechenland,

392 2657 524 2709 kann
551 2656 657 2707 also
672 2655 807 2705 wohl
818 2656 941 2706 noch
956 2655 1185 2706 einzelne
1200 2652 1407 2719 Rriegs·

393 2725 670 2792 gesangene
696 2740 792 2776 von
815 2717 913 2775 146
928 2726 1019 2775 her
1037 2725 1194 2789 (deun
1222 2724 1414 2775 darauf

393 2797 569 2846 deutet
592 2797 793 2845 servire
817 2794 925 2853 hin)
951 2794 1166 2858 geseheu
1195 2793 1373 2844 haben.

458 2880 556 2932 illa
627 2879 692 2930 dc
746 2870 1161 2931 Andromacha:
1219 2878 1406 2944 „Jene

392 2947 573 3000 Worte
610 2961 702 2997 aus
741 2948 831 2998 der
865 2933 1255 3000 Andromache“
1292 2949 1404 3012 (19,

392 3017 504 3082 45).
544 3013 610 3064 So
636 3016 698 3064 de
723 3014 807 3065 off.
819 3014 927 3066 111.
945 3016 1029 3078 21,
1049 3015 1142 3065 82:
1176 3015 1406 3067 Graecos

267 3142 280 3148 ,
391 3096 576 3135 vorsus
602 3083 665 3133 de
685 3084 1009 3146 Phoenissis,
1040 3083 1141 3133 und
1167 3082 1321 3135 oster.

462 3170 913 3231 decantaverantJ
955 3166 1070 3218 hier‘
1090 3192 1159 3209 =
1185 3175 1408 3224 cantare

394 3239 722 3307 (deplorare)
751 3238 1060 3288 desierant.

460 3326 690 3392 Argivos
740 3329 843 3374 aut
887 3322 1196 3391 Sicyonios,
1244 3323 1406 3375 denen

392 3394 509 3444 kein
538 3394 737 3444 solches
752 3389 984 3456 Ungliick
1006 3391 1254 3456 begegnet
1278 3406 1403 3443 war.

453 3464 789 3530 parietinae,
842 3461 934 3511 der
979 3460 1095 3510 echt
1141 3460 1232 3513 lat.
1275 3461 1408 3513 Aus-

1582 2581 1899 2651 C‘arneades,
1941 2587 2055 2655 geb.
2071 2586 2182 2637 217
2210 2605 2274 2638 zu
2301 2587 2522 2656 Cyrene,

1510 2655 1690 2706 Stifter
1760 2657 1851 2706 der
1916 2672 2077 2707 neuen
2137 2656 2431 2708 Akademie
2471 2657 2523 2706 in

1506 2725 1692 2788 Athen,
1728 2724 1948 2788 hestiger
1973 2724 2173 2790 Gegner
2197 2726 2285 2775 des
2310 2724 2526 2776 Stoicis-

1432 2844 1449 2850 ,
1508 2809 1619 2844 mus
1644 2796 1708 2855 (S.
1740 2795 1823 2857 25,
1853 2795 1917 2845 59
1943 2796 2045 2844 und
2068 2793 2132 2845 V.
2161 2794 2246 2858 29,
2277 2794 2387 2858 83),
2414 2810 2525 2845 war

1513 2864 1530 2912 1
1509 2864 1609 2982 Β55
1625 2861 1853 2927 Mitglied
1879 2864 1970 2913 der
1982 2861 2378 2913 Gesandtschaft
2393 2865 2522 2914 nach

1509 2931 1632 2982 Rom
1655 2933 1721 2994 (s.
1751 2931 1835 2982 lV.
1863 2932 1914 2995 3,
1947 2931 2018 2997 5).

1569 3021 1814 3083 positum
1840 3023 1994 3081 esset,
2027 3033 2069 3069 s.
2100 3035 2165 3069 zu
2190 3017 2230 3068 Ι.
2258 3020 2309 3083 4,
2332 3019 2388 3067 -7.

1577 3120 1913 3171 calamitatis
1974 3125 2316 3188 praesentis,
2403 3120 2522 3170 echt

1508 3189 1684 3240 latein.
1727 3189 1865 3241 nicht
1901 3205 1965 3239 an
2003 3190 2093 3240 das
2116 3189 2365 3252 Verbum,
2404 3202 2522 3237 son-

1511 3259 1632 3309 dern
1682 3273 1745 3309 an
1793 3259 1889 3309 deu
1928 3257 2327 3324 Objectsbegriff
2368 3271 2522 3321 ange·

1509 3328 1795 3378 schlossen:
1849 3325 1915 3377 So
1949 3328 2117 3377 finden
2155 3329 2259 3378 sich
2296 3326 2386 3377 mit
2410 3325 2524 3379 dem

1510 3394 1638 3447 Gen.
1677 3403 1804 3446 statt
1838 3396 1926 3447 des
1961 3394 2233 3449 deutschen
2259 3394 2379 3445 Dat.
2406 3410 2525 3445 ver-

1507 3465 1738 3516 hund-u:
1784 3466 1963 3528 finem
1996 3466 2225 3530 facere,
2268 3480 2398 3530 ganz
2436 3479 2525 3528 ge-

394 3531 551 3583 druch
577 3530 661 3582 fuir
683 3545 877 3594 unser,
886 3527 1119 3592 ,Ruincn‘
1129 3531 1165 3578 ‘.

449 3616 736 3668 ⁴-callum
754 3615 1073 3679 obduxerat,
1101 3615 1401 3681 vgl.11.1,5

391 3686 556 3805 3654.
589 3754 956 3806 Clitomachus
992 3769 1084 3804 aus
1125 3752 1404 3825 Carthago,

391 3823 609 3890 ursprgl.
659 3820 944 3887 Hasdrubal
1001 3830 1250 3887 genennt,
1313 3823 1403 3874 des

392 3891 683 3942 Carneades
708 3891 938 3943 Zuhiirer
969 3892 1071 3941 und
1094 3889 1407 3957 Naehfolger

392 3959 459 4010 im
483 3959 754 4012 Lehramte
772 3978 846 4013 zu
867 3961 1052 4013 Athen„
1093 3987 1098 3991 ·

1504 3533 1785 3602 wiihnlich‚
1848 3532 2048 3584 ferner:
2106 3530 2283 3598 fidem
2327 3532 2527 3599 facere

1507 3574 1831 3677 (orationis,
1886 3603 1946 3653 de
1997 3619 2073 3653 or.
2117 3600 2333 3665 111.27‚
2376 3599 2522 3666 104),

1499 3666 1911 3737 praestringere
1947 3672 2127 3723 oculos
2165 3670 2305 3736 (Cat.
2333 3668 2404 3720 M.
2436 3670 2523 3734 12,

1507 3739 1628 3806 42),
1672 3743 1879 3806 eripere
1909 3744 2192 3807 pecuniam
2227 3741 2300 3806 (p.
2341 3738 2523 3803 Quint.

1509 3809 1592 3872 11,
1614 3777 1730 3873 39),
1759 3808 2037 3859 decernere
2054 3812 2303 3876 praemia
2328 3806 2414 3872 (de
2439 3821 2523 3858 or.

1506 3877 1567 3928 11.
1601 3878 1686 3940 85,
1714 3877 1838 3941 347)
1863 3893 1916 3926 ιι.
1944 3880 2007 3929 A.

1552 3963 1901 4013 mederetur.
1958 3962 2137 4014 Cicero
2164 3963 2390 4014 versetzt
2413 3961 2522 4011 sich
2592 4014 2601 4020 ,
