2784 4534
1684 89 1713 98 —

863 284 906 335 L
922 283 944 335 1
959 284 997 335 B
1015 284 1057 335 E
1075 284 1123 336 ιι
1144 282 1210 337 v.
1240 282 1328 350 2⁷,
1362 273 1457 338 τὸ.
1508 285 1594 352 28,
1627 284 1714 339 5ο.
1746 285 1833 338 81.
2288 274 2415 338 247

249 443 414 507 *ibim
458 453 560 506 aut
599 442 866 543 aspidem
897 453 1002 507 aut
1030 445 1230 508 felem
1250 453 1353 507 aut
1381 464 1590 509 canem
1635 455 1738 508 aut
1767 444 2130 508 crocodilum
2159 443 2412 522 violent,

267 544 524 615 quorum
571 529 752 605 etiam
794 530 847 593 si
886 529 1290 612 imprudentes
1322 530 1619 616 quidpiam
1663 531 1948 608 fecerint,
2000 550 2253 614 poenam
2285 530 2417 593 nul-

267 615 387 677 lam
417 622 721 679 recusent.
801 616 892 678 De
920 614 1257 679 hominihus
1288 613 1522 697 loquor.
1560 614 1714 693 Quid
1740 616 2016 679 hestiae?
2045 637 2166 680 non
2198 614 2414 714 friguS,
2450 628 2516 679 79

267 721 390 795 non
420 701 671 786 famem,
722 721 843 762 non
884 701 1261 789 montivagos
1292 712 1469 783 atque
1512 701 1826 766 silvestres
1869 720 2081 764 cursus
2111 700 2417 765 lustratio·
2490 716 2517 724 “

155 852 169 870 Ι
269 783 498 869 nesque
530 786 879 869 patiuntur?
908 807 1028 850 non
1059 808 1166 870 pro
1190 807 1301 851 suo
1332 798 1506 870 partu
1524 786 1610 850 ita
1639 796 2038 871 propugnant,
2073 797 2138 848 ut
2159 786 2412 850 vulnera

266 870 605 955 excipiant,
654 871 849 935 nullos
894 871 1189 955 impetuS,
1236 872 1435 937 nullos
1482 872 1637 936 ictus
1684 872 2119 936 reformident?
2164 871 2415 948 Omitto,

269 977 420 1040 quae
451 958 755 1040 perferant
784 976 1052 1040 quaeque
1083 958 1385 1041 patiantur
1414 954 1716 1022 ambitiosi
1742 956 1988 1020 honoris
2014 977 2251 1032 caussa,
2289 956 2418 1019 lau-

268 1042 362 1107 dis
410 1043 661 1107 studiosi
706 1042 944 1128 gloriae
981 1043 1208 1126 gratia,
1256 1063 1462 1105 amore
1504 1043 1738 1106 incensi
1781 1042 2138 1126 cupiditatis.
2232 1041 2418 1105 Plena

266 1129 394 1192 vita
424 1129 831 1211 essemplorum
867 1138 981 1192 est.
1009 1146 1038 1161 ⁸

443 1212 560 1294 Sed
589 1213 866 1277 adhibeat
894 1214 1087 1277 oratio
1119 1213 1355 1275 modum
1402 1223 1463 1274 et
1493 1207 1702 1295 redeat
1728 1213 1906 1289 illuc,
1952 1213 2109 1275 unde
2143 1213 2407 1277 deflexit.
2435 1209 2529 1282 28
2625 1198 2637 1207 ν
2672 1183 2682 1190 1

269 1297 485 1376 Dabit,
534 1299 726 1376 dabit,
776 1299 1056 1380 inquam,
1104 1319 1171 1361 se
1201 1298 1264 1360 in
1295 1307 1595 1361 tormenta
1624 1298 1753 1362 vita
1779 1297 1988 1376 beata,
2038 1318 2186 1375 nec,
2244 1298 2420 1367 iusti·
2449 1308 2516 1359 80

268 1383 451 1461 tiam,
506 1385 962 1483 temperantiam
1001 1385 1064 1449 in
1095 1383 1419 1472 primisque
1450 1384 1898 1463 fortitudinem,
1947 1384 2417 1466 magnitudinem

265 1470 488 1544 animi,
541 1470 890 1553 patientiam
931 1480 1279 1553 prosecuta,
1333 1481 1511 1559 quum
1545 1470 1793 1533 tortoris
1826 1490 1894 1532 os
1925 1470 2175 1546 viderit,
2219 1468 2417 1533 consi-

265 1564 391 1619 stet
419 1555 863 1636 virtutibusque
887 1553 1162 1618 omnibus
1194 1554 1327 1618 sine
1356 1552 1478 1626 ullo
1503 1554 1687 1617 animi
1717 1564 1953 1618 terrore
1983 1555 2057 1617 ad
2088 1546 2416 1617 cruciatum

268 1640 589 1723 profectiS,
626 1640 873 1703 resistet
902 1650 1077 1702 extra
1108 1640 1269 1704 fores
1302 1645 1396 1717 (ut
1424 1651 1563 1703 ante
1594 1640 1748 1724 dixi)
1796 1640 2095 1723 limenque
2126 1640 2410 1711 carceriS.

269 1724 426 1804 Quid
472 1725 631 1787 enim
674 1745 746 1787 ea
787 1725 1017 1789 foed-ius
1038 1771 1053 1802 ,
1158 1725 1258 1786 uid
1288 1725 1611 1789 deformius
1657 1726 1785 1801 sola
1813 1725 2063 1811 relicta,
2130 1724 2417 1788 comitatu

270 1810 672 1894 pulcherrimo
704 1812 1059 1908 segregata?
1120 1747 1301 1888 ‘huod
1341 1822 1542 1874 tamen
1585 1811 1717 1873 fieri
1758 1812 1920 1875 nullo
1966 1820 2140 1895 pacto
2191 1821 2412 1894 potest.

268 1895 407 1960 Nec
453 1895 612 1959 enim
658 1897 912 1960 virtutes
957 1896 1090 1960 sine
1131 1896 1305 1982 beata
1350 1896 1478 1959 vita
1513 1895 1836 1960 cohaerere
1866 1907 2116 1995 possunt
2155 1917 2264 1960 nec
2309 1896 2418 1960 illa

266 1983 405 2046 sine
434 1981 780 2046 virtutihus.
847 1982 1104 2067 Itaque
1119 1978 1248 2045 eam
1278 1981 1675 2064 tergiversari
1705 2004 1826 2045 non
1866 1983 2080 2046 sinent
2098 1990 2416 2065 secumque
2448 1991 2512 2044 81

269 2069 537 2152 rapient,
574 2069 650 2130 ad
681 2084 1092 2166 quemcunque
1122 2066 1288 2152 ipsae
1321 2067 1588 2130 dolorem
1618 2068 2064 2150 cruciatumque
2097 2068 2410 2131 ducentur.

268 2154 571 2238 Sapientis
604 2163 698 2216 est
728 2153 887 2215 enim
919 2153 1257 2236 proprium,
1294 2152 1489 2230 nihil,
1510 2153 1686 2235 quod
1716 2154 2026 2237 poenitere
2055 2155 2281 2237 possit,
2329 2155 2418 2216 fa-

267 2258 442 2315 cere,
481 2239 627 2302 nihil
655 2239 947 2317 invitum,
994 2239 1332 2327 splendide,
1388 2248 1770 2315 constanter,
1819 2239 2122 2322 graviter,
2160 2241 2435 2304 honeste

270 2325 511 2401 omnia,
548 2323 697 2386 nihil
726 2325 810 2387 ita
841 2328 1231 2407 exspectare,
1269 2324 1439 2407 quasi
1469 2334 1636 2387 certo
1667 2327 1963 2402 futurum,
2014 2324 2197 2402 nihil,
2235 2346 2416 2408 quum

272 2410 590 2487 acciderit,
642 2409 957 2485 admirari,
1008 2420 1074 2472 ut
1112 2409 1483 2495 inopinatum
1526 2431 1596 2473 ac
1641 2431 1861 2473 novum
1892 2410 2184 2474 accidisse
2212 2411 2418 2473 videa-

270 2507 395 2574 tur,
446 2495 647 2559 omnia
676 2495 746 2559 ad
779 2517 952 2559 suum
983 2495 1299 2559 arbitrium
1328 2496 1582 2572 referre,
1620 2496 1748 2560 suis
1779 2506 1941 2560 stare
1972 2495 2230 2577 iudiciis.
2285 2496 2414 2575 Quo

270 2582 415 2665 quid
445 2582 526 2645 sit
552 2581 821 2658 beatius,
857 2581 1003 2644 mihi
1035 2591 1199 2645 certe
1229 2581 1593 2651 in‘mentem
1613 2580 1824 2645 venire
1855 2603 1976 2644 non
2007 2590 2226 2664 potest.

2531 2124 2557 2153 Ι

272 2773 363 2837 29,
379 2773 473 2823 822
500 2772 777 2837 Nefando
804 2773 1018 2840 quidem
1043 2773 1319 2824 auditum

275 2810 392 2904 est',
432 2842 764 2891 crocodilum
802 2846 906 2892 aut
926 2844 1055 2892 ibim
1080 2847 1185 2891 aut
1201 2842 1297 2907 fe·-

275 2911 377 2961 lem
415 2910 680 2963 violatum
718 2912 785 2960 ab
820 2910 1111 2977 Aegyptio.
1173 2909 1293 2975 vgl.

273 2978 463 3030 Herod.
491 2978 559 3029 11.
588 2979 653 3029 65
680 2994 754 3044 sq.

342 3064 429 3115 79.
468 3067 677 3114 montio
753 3080 840 3128 os,
894 3080 946 3113 ιιι
996 3064 1088 3114 der
1133 3063 1296 3115 Prusa

269 3134 356 3185 ein
395 3125 647 3200 ἄπηλεγ.
678 3080 1038 3199 afflabat-haupt
1085 3133 1173 3183 hat
1211 3134 1292 3183 die
1343 3166 1351 3177 ·

271 3201 409 3254 Rede
434 3203 548 3253 hier
570 3202 828 3267 poetische
853 3200 1109 3266 Fiirbung.

342 3289 619 3338 ambitiosi
656 3287 746 3337 hat
787 3302 971 3351 engere
998 3287 1294 3353 Bedeutung

270 3355 351 3408 515
376 3371 571 3419 unser,
581 3356 901 3421 ,ehrgeizig“
932 3356 1065 3419 (dies
1091 3356 1159 3405 ist
1177 3358 1294 3407 lau-

269 3425 357 3475 dis
395 3424 684 3490 studiosz3:
725 3425 848 3489 „die
887 3425 1026 3475 nach.
1052 3423 1293 3477 Aemtern

267 3492 374 3543 und
422 3492 781 3544 Ehrenstellen
834 3476 1107 3558 (honore-5)
1154 3488 1296 3544 Stre-

271 3562 514 3612 benden“

341 3659 450 3720 28.
492 3664 577 3714 80.

620 3664 766 3727 illuc,
794 3663 937 3714 unde
958 3664 1200 3731 deflexit,
1226 3682 1292 3715 zu

272 3733 367 3782 der
392 3731 516 3799 Cap.
533 3733 600 3782 26
626 3732 951 3798 begonnenen
977 3733 1290 3798 Darlegung,
1304 3784 1319 3809 x

271 3801 391 3851 dass
405 3801 553 3852 keine
570 3801 777 3853 iiusscre
794 3799 994 3868 Gewajt
1008 3800 1090 3851 die
1105 3799 1294 3851 Gliick-

265 3869 508 3933 scligkeit
545 3870 636 3920 des
662 3869 873 3930 Weisen
905 3885 970 3918 zu
995 3867 1290 3919 vernichten

268 3939 338 3989 im
364 3938 554 3989 Stande
580 3940 674 3988 sei.

1467 2778 1753 2840 consistet,
1818 2776 1930 2827 hier
1991 2774 2070 2829 515
2117 2770 2421 2834 Geg'entheil
2488 2762 2497 2769 “

1395 2856 1494 2895 von
1513 2850 1840 2910 prosecuta.-
1888 2842 2111 2907 „stehen
2135 2840 2385 2892 bleiben“

1397 2913 1587 2963 ebenso
1611 2914 1834 2963 nachher
1858 2915 2094 2963 resistet.
2146 2909 2287 2960 Statt
2308 2915 2419 2962 vir-
2444 2932 2457 2942 ·

1399 2983 1713 3049 tutibusque
1758 2982 1897 3032 wiire
1959 2986 2063 3031 aut
2084 2983 2419 3037 virtutibus

1387 3050 1699 3115 deutlicher,
1728 3051 1794 3101 da
1820 3051 1900 3103 die
1914 3049 2249 3114 Verucinung,
2273 3049 2413 3117 (nec)

1398 3120 1527 3170 auch
1564 3121 1690 3169 noch
1728 3136 1793 3169 zu
1818 3123 2039 3185 roffi-tet
2062 3120 2261 3181 gehssrt.

1466 3189 1534 3238 zit
1554 3193 1683 3238 ante
1712 3189 1861 3239 dioei:
1900 3188 2025 3254 Cap.
2056 3188 2106 3249 5,
2134 3187 2162 3250 ἓ
2192 3185 2274 3235 13.

1465 3258 1771 3320 cohaerere,
1798 3257 1896 3307 wie
1922 3254 2011 3305 ΙΙΙ.
2041 3255 2126 3317 25,
2157 3254 2242 3303 61.

1465 3326 1549 3374 81.
1590 3326 1737 3392 quod
1751 3327 2035 3391 poenitere
2049 3324 2247 3389 possit,
2278 3337 2322 3372 s.
2353 3338 2421 3373 zu

1400 3393 1606 3512 minagii
1615 3460 2414 3548 invitumzsplendide-omnia.

1397 3530 1502 3579 Der
1551 3529 1817 3579 Chiasmus
1878 3530 2059 3581 erhiiht
2105 3529 2201 3578 den
2251 3526 2419 3579 Nach-

1399 3597 1768 3726 drlclz‘czlkmirari,
1780 3681 1853 3714 s.
1897 3681 1962 3715 zu
1999 3665 2062 3716 V.
2093 3665 2147 3728 3,
2175 3665 2225 3716 8.
2286 3663 2415 3716 Hor.

1396 3735 1544 3801 epist.
1572 3732 1611 3783 1.
1643 3732 1694 3795 6,
1727 3730 1786 3781 1:
1823 3732 1921 3784 Nil
1955 3733 2230 3783 admirari
2242 3749 2437 3800 prope,
2512 3762 2515 3767 -

1395 3818 1480 3852 res
1531 3807 1615 3853 est
1660 3814 1803 3861 una,
1855 3800 2098 3864 Numici,
2140 3801 2411 3875 Solaque,

1395 3886 1535 3936 quac
1553 3869 1736 3937 possit
1753 3869 1953 3931 facere
1978 3876 2035 3920 et
2055 3885 2270 3930 servare
2297 3873 2420 3921 bea-
2518 3896 2522 3900 ·

1396 3943 1530 3989 tum.
