2784 4534
323 1142 389 1195 27

426 274 513 336 20
1126 321 1133 329 .
1215 282 1467 349 Lissa
1497 282 1538 335 1.
1572 282 1655 348 12,
1686 280 1774 345 ²7·

425 443 584 511 enim
612 444 927 526 arduum),
963 442 1202 511 docebis
1220 489 1238 520 ‚
1272 462 1481 513 carere
1512 442 1674 507 omni
1707 441 1866 507 malo
1894 451 2174 509 mortem.
2241 442 2578 527 Egmenim.

423 529 586 599 istud
629 529 822 614 ipsum
862 548 1085 597 vereor
1114 550 1191 595 ne
1221 528 1443 597 malum
1473 527 1588 606 sit,
1632 549 1755 593 non
1795 527 1930 593 dico
1960 547 2169 593 carere
2200 548 2420 604 sensu,
2456 528 2578 605 sed„

425 615 745 681 carendum
795 636 951 683 esse.
1030 615 1130 680 M.
1175 613 1536 695 Auctoribus
1580 613 1814 696 quidem
1860 613 1935 691 ad
1963 613 2142 677 istam
2174 615 2582 693 sententiam„

425 722 601 784 quam
640 701 736 766 vis
775 700 1034 767 obtineri
1055 747 1072 777 ‚
1135 700 1224 763 uti
1265 699 1505 784 optimis
1562 720 1875 783 possumus
1899 743 1917 775 ,
1981 699 2137 781 quod
2179 699 2245 777 in
2290 700 2565 769 omnihus

425 786 656 851 caussis
715 796 791 851 et.
826 787 1013 857 dehet
1053 798 1113 853 et
1171 785 1326 851 solet
1367 786 1574 850 valere
1615 785 1965 868 plurimum:
2030 796 2093 848 et
2129 785 2383 868 primum
2435 787 2574 869 qui«¹

421 868 554 937 «lem
613 873 777 937 omni
835 872 1188 957 antiquitate
1207 918 1225 951 ,
1288 891 1443 956 quae
1504 893 1620 954 quo
1666 870 1907 954 propius
1953 869 2160 937 aberat
2201 870 2276 933 ab
2320 882 2458 935 ortu
2503 883 2567 935 et

421 959 627 1023 divina
678 958 962 1042 progenie
981 1005 998 1034 ‚
1050 958 1166 1023 hoc
1223 957 1440 1023 melius
1487 977 1560 1023 ea
1600 957 1862 1021 fortasse
1881 1002 1899 1034 ,
1966 977 2118 1039 quae
2171 966 2344 1023 erant
2385 978 2560 1036 vera,

425 1043 731 1110 cernebat.

593 1129 796 1211 Itaque
842 1150 1029 1193 unum
1066 1128 1212 1193 illud
1255 1138 1388 1193 erat
1417 1127 1661 1192 insitum
1691 1128 1908 1211 priscis
1937 1127 2060 1203 illis
2081 1174 2099 1207 ,
2154 1149 2302 1211 quos
2347 1150 2568 1195 cascos

423 1213 680 1299 appellat
708 1214 936 1277 Ennius
956 1259 973 1291 ,
1025 1233 1159 1278 esse
1203 1215 1267 1279 in
1313 1224 1507 1277 morte
1550 1234 1793 1289 sensum
1813 1260 1830 1290 ,
1880 1222 2073 1296 neque
2119 1233 2375 1279 excessu
2399 1214 2569 1278 vitae
2633 1248 2653 1255 -

423 1301 512 1365 sic
543 1299 730 1363 deleri
761 1299 1062 1365 hominem
1079 1347 1097 1376 ‚
1143 1310 1209 1362 ut
1253 1299 1518 1367 funditus
1563 1298 1878 1377 interiret3
1942 1299 2116 1382 idque
2159 1316 2335 1383 quum
2364 1300 2567 1367 multis

423 1385 557 1453 aliis
586 1385 766 1451 rebus
786 1432 803 1463 ‚
849 1393 976 1451 tum
1006 1406 1040 1447 e
1072 1385 1373 1468 pontificio
1405 1385 1535 1471 iure
1581 1395 1640 1447 et
1681 1405 1714 1448 e
1745 1385 2127 1448 caerimoniis
2157 1386 2569 1470 sepulcrorum

416 1471 676 1555 intelligi
717 1471 896 1550 licet,
949 1492 1099 1554 quas
1137 1471 1420 1537 maximis
1461 1470 1722 1556 ingeniis
1766 1471 2020 1554 praediti
2068 1492 2179 1537 nec
2225 1482 2395 1535 tanta
2424 1493 2570 1535 cura

424 1556 754 1620 coluissent
792 1578 908 1620 nec
946 1557 1202 1623 violatas
1230 1569 1369 1635 ,tam
1430 1555 1783 1639 inexpiabili
1836 1557 2130 1639 religione
2188 1557 2561 1636 sanxissent,

422 1643 541 1705 nisi
571 1642 850 1711 haereret
890 1643 953 1707 in
982 1663 1190 1709 eorum
1225 1643 1524 1711 mentibus
1543 1689 1561 1721 ‚
1624 1653 1878 1709 mortem
1924 1664 2045 1706 non
2086 1642 2397 1707 interitum
2429 1663 2565 1707 esse

422 1729 622 1805 omnia
650 1728 959 1793 tollentem
989 1737 1167 1811 atque
1199 1728 1495 1793 delentem
1515 1775 1532 1806 ‚
1582 1729 1688 1792 sed
1734 1727 2029 1811 quandam
2057 1728 2229 1813 quasi
2258 1729 2568 1813 migratio·
2635 1814 2644 1820 ἱ

480 1890 712 1952 propius
745 1887 954 1936 aberat.
1017 1884 1133 1951 vgl.
1164 1885 1225 1934 de
1250 1886 1348 1950 leg.
1374 1884 1438 1934 11.

422 1954 506 2018 11,
543 1955 641 2004 27:
681 1958 935 2021 quoniam
971 1957 1276 2020 antiquitas
1311 1969 1443 2020 pro-

418 2027 567 2075 oeime
593 2023 806 2074 accedit
826 2023 902 2073 ad
925 2023 1070 2073 deos.

489 2109 572 2159 27.
614 2124 815 2161 cascos.
864 2107 1028 2159 van-o
1069 2109 1130 2159 de
1167 2109 1290 2174 ling.
1320 2109 1436 2159 Lat.

418 2174 509 2226 Vll
519 2215 531 2226 .
548 2177 576 2241 5
591 2178 654 2228 28
671 2196 684 2226 :
714 2178 939 2228 Cascum
953 2180 1242 2244 significat
1253 2184 1438 2242 vetus,-

421 2248 536 2296 eius
561 2249 718 2312 origo
742 2246 963 2309 Sabina,
995 2262 1135 2313 quae
1157 2264 1327 2314 usque
1349 2263 1441 2298 ra-

421 2313 565 2364 dices
627 2318 685 2364 in
749 2315 940 2365 oscam
1002 2315 1246 2382 linguam
1307 2321 1438 2382 egit.

423 2382 650 2434 Cascam
685 2389 838 2433 vetus
879 2400 990 2434 esse
1023 2387 1303 2449 significat
1332 2387 1443 2438 En-

418 2455 558 2515 nius,
589 2452 735 2518 quod
747 2455 870 2571 ᾖς
908 2452 1084 2518 Quam
1101 2458 1277 2520 prisci
1298 2459 1446 2507 casci

411 2520 607 2640 test&
641 2526 897 2643 ἐῗζέηειὲ..
919 2522 1106 2653 ‘iffhgff
1112 2523 1434 2645 ‘41.V³¹i=.33

416 2654 482 2708 N.
531 2658 596 2708 A.
648 2658 689 2709 1.
744 2660 840 2710 10:
925 2660 1229 2711 adolescens
1289 2678 1444 2713 casce

416 2731 575 2779 nim&
625 2734 701 2780 et‘
726 2734 937 2780 vetuste
981 2729 1220 2797 loquens.
1288 2729 1440 2781 Etwn

420 2797 864 2862 „altl'riinkisch“.

485 2897 580 2932 nec
601 2910 674 2921 -
695 2884 1010 2935 sanxissent
1043 2901 1150 2949 „an
1177 2887 1287 2938 ihre
1312 2885 1441 2938 Ver-

417 2950 626 3013 letzung
672 2951 785 3002 eine
833 2955 1159 3004 unsiihubare
1209 2954 1440 3007 Siinden-

419 3017 594 3071 schuld
623 3018 908 3084 kniipfen“.
952 3020 1069 3085 Vgl.
1088 3021 1303 3088 Philipp.
1325 3023 1364 3073 1.
1384 3025 1435 3087 6,

421 3087 519 3136 13:
572 3092 638 3136 ut
669 3090 1024 3152 ineoepiabiles
1066 3091 1349 3156 religiones
1384 3096 1441 3141 in

418 3156 679 3220 rempubl.
745 3157 1147 3209 inducerentur.
1202 3189 1264 3196 --
1331 3158 1441 3211 Zur

422 3223 588 3274 Sache
623 3224 728 3289 vgl.
771 3225 833 3276 de
860 3227 960 3291 leg.
991 3224 1054 3275 11.
1087 3227 1181 3290 22,
1221 3243 1300 3277 wo
1336 3244 1435 3280 von

420 3293 685 3344 einzelnen
711 3297 919 3345 iuribus
932 3294 1180 3345 Manium
1195 3296 1437 3348 ausfiihr—

412 3363 582 3413 licher
605 3364 686 3414 die
713 3362 850 3414 Rede
876 3364 962 3413 ist.

485 3452 597 3499 nisi
617 3451 869 3499 haereret
891 3448 975 3499 fiir
997 3450 1277 3501 haesisset.
1330 3450 1437 3503 Der

417 3516 789 3569 Schriftsteller
834 3525 1061 3568 versetzt
1106 3520 1214 3571 sich
1262 3520 1314 3570 in
1353 3520 1435 3572 die

414 3598 736 3652 vergangene
774 3584 894 3636 Zeit
942 3587 1111 3637 hlnein
1130 3625 1143 3649 ‚
1194 3604 1293 3639 von
1344 3590 1435 3640 der

416 3670 475 3705 er
497 3655 707 3721 spricht.
735 3653 935 3705 Ebenso
963 3657 1047 3720 37,
1077 3657 1175 3708 89:
1203 3662 1256 3708 si
1277 3662 1434 3710 time-

413 3730 573 3776 retur
598 3752 659 3762 —-
687 3740 788 3774 non
816 3726 1152 3792 concidisset,
1199 3744 1251 3778 u.
1280 3728 1306 3793 §
1332 3729 1398 3779 90
1415 3746 1430 3777 z

417 3809 515 3844 cur
539 3793 761 3859 doleret,
790 3798 843 3844 si
865 3820 928 3832 --
946 3800 1218 3862 putaret?

483 3895 622 3944 quae
650 3907 707 3916 —
731 3888 1077 3945 permaneret
1101 3887 1299 3934 tamen.
1334 3881 1433 3933 Die

415 3946 542 3999 chen
590 3950 845 4014 gegebene
880 3950 1105 4016 Vulgata
1150 3950 1281 4002 liisst
1321 3952 1433 4003 sich

1549 1900 1646 1935 nur
1692 1881 2008 1948 nothdiirftig
2069 1885 2224 1935 durch
2253 1885 2573 1951 *Beziehung

1548 1954 1635 2002 des
1669 1969 1807 2019 quae
1832 1952 1927 2002 auf
1954 1956 2105 2003 vitae
2128 1954 2384 2005 erkliiren.
2449 1954 2575 2005 Man

1546 2022 1636 2071 hat
1659 2021 1991 2071 verschieden
2034 2024 2314 2088 emendirt,
2355 2039 2433 2074 am
2461 2025 2578 2076 ein·

1546 2089 1778 2141 fachsten
1848 2089 2114 2142 vielleicht
2182 2108 2271 2142 so:

1543 2160 1699 2209 humi
1731 2162 2023 2223 retineret,
2077 2167 2145 2211 ut
2179 2171 2577 2226 permanerent

1547 2233 1724 2277 tamen
1773 2227 1884 2292 (---
1933 2232 2017 2278 ita
2068 2226 2276 2294 tamen,
2333 2237 2401 2281 ut
2437 2248 2574 2297 per-

1544 2300 1882 2360 manerent),
1958 2298 2125 2347 wohei
2192 2298 2325 2349 dann
2389 2301 2573 2350 natiir-

1544 2365 1645 2416 lich
1686 2381 1825 2432 quae
1850 2367 1944 2416 auf
1974 2371 2329 2418 commutatio
2372 2368 2572 2434 (vitae)

1545 2450 1610 2484 zu
1670 2432 1917 2485 beziehen
1966 2435 2054 2485 ist.
2131 2434 2335 2487 Weiter
2383 2452 2574 2501 ausge-

1545 2502 1687 2555 fiihrt
1725 2503 1794 2553 ist
1831 2503 1924 2554 der
1948 2502 2190 2555 Gedanke
2235 2505 2385 2571 (nach
2426 2504 2567 2560 Plat.

1543 2571 1806 2636 Phaedon)
1888 2589 1984 2622 von
2061 2572 2239 2624 Cicero
2312 2575 2373 2625 de
2451 2591 2567 2643 rep.

1541 2636 1630 2690 vl.
1660 2641 1725 2690 26
1752 2648 1884 2708 ωας,
1909 2659 1921 2691 2
1983 2641 2126 2694 Nam
2163 2656 2346 2694 eorum
2371 2646 2566 2709 animi,

1544 2713 1640 2776 qui
1683 2726 1740 2759 se
1775 2714 2021 2776 corporis
2062 2712 2436 2776 voluptatibus
2475 2713 2574 2765 de-

1544 2778 1804 2843 diderunt
1840 2795 2133 2847 earumque
2176 2797 2233 2830 se
2272 2785 2432 2847 quasi
2462 2788 2572 2835 mi-

1542 2850 1745 2898 nistros
1763 2850 2139 2913 praebuerunt
2154 2877 2222 2886 -—
2244 2853 2570 2917 corporibus

1544 2917 1716 2982 elapsi
1743 2921 1947 2968 circum
1982 2924 2192 2971 terram
2216 2922 2394 2985 ipsam
2416 2921 2571 2972 volu-

1546 2990 1767 3049 tantur,
1809 3001 1906 3037 nec
1942 2988 2083 3038 lzunc
2117 2990 2173 3038 in
2210 2989 2385 3039 locum
2420 2988 2479 3053 (i.
2509 3004 2567 3041 e.

1541 3056 1598 3102 in
1647 3053 1876 3120 caelum)
1915 3059 2027 3107 nisi
2046 3058 2235 3107 multis
2287 3060 2572 3123 excogitati

1543 3124 1732 3173 saeclis
1758 3130 2131 3177 revertuntur.
2147 3182 2160 3193 Ι

1612 3218 1695 3269 28.
1734 3221 1822 3271 Ea·
1845 3221 1945 3271 hoc
1966 3245 2037 3263 =
2060 3226 2256 3290 igitur.

1607 3304 1865 3356 Romulus
1892 3315 1992 3357 etc.
2034 3308 2178 3358 Serv.
2220 3325 2283 3358 zu
2313 3311 2435 3361 Aen.
2465 3308 2562 3361 vl.

1543 3373 1642 3423 764
1690 3374 1831 3424 citirt
1878 3390 2135 3438 genauer:
2196 3377 2455 3430 Romulus
2503 3383 2567 3430 in

1539 3444 1685 3493 caelo
1723 3459 1842 3509 cum
1878 3444 1975 3493 Dis
2005 3448 2335 3509 genitalibus
2373 3462 2566 3500 aevum

1535 3511 1721 3577 Degit.
1790 3511 1896 3561 Das
1944 3513 2184 3580 Adjectiv
2227 3518 2563 3582 genitalibus

1536 3579 1668 3631 liisst
1691 3580 1796 3631 Cic.
1837 3579 2065 3634 offenbar
2096 3585 2395 3635 absichtlich
2421 3602 2556 3652 weg.

1595 3678 1890 3743 perlapsus
1913 3680 1988 3730 ad
2010 3698 2125 3731 nos.
2178 3680 2273 3733 me
2299 3680 2431 3744 Sage
2457 3698 2560 3734 von

1539 3744 1782 3796 Hercules
1808 3743 1998 3814 Rumpf
2030 3750 2124 3800 mit
2149 3749 2313 3802 Cacus
2338 3750 2440 3800 und
2467 3751 2562 3802 der

1536 3812 1861 3878 Entstehung
1909 3819 2074 3868 seines
2116 3817 2295 3871 Cultus
2344 3819 2395 3868 in
2430 3817 2560 3871 Rom

1537 3898 1582 3933 s,
1619 3883 1700 3934 hei
1737 3884 1852 3935 Liv.
1892 3884 1933 3935 l.
1973 3887 2036 3950 73
2072 3886 2212 3952 Virg.
2260 3889 2387 3939 Aen.
2415 3887 2554 3940 vm.

1540 3952 1637 4002 194
1662 3969 1806 4019 sqq.;
1858 3952 2009 4007 ovid.
2037 3953 2180 4009 Fast.
2220 3954 2263 4011 l.
2293 3958 2392 4008 543
2416 3972 2552 4025 sqq„

2360 2099 2572 2149 ceteros
2675 2117 2684 2123 ·
