2784 4534
400 318 481 380 28
936 284 945 289 ¹
1068 326 1617 394 Llssn1.17‚41.
1665 326 1748 393 18,
1780 326 1866 380 42.

301 503 363 553 41
398 489 586 573 ignei,
622 486 1071 552 sublimefferri.
1165 484 1227 548 Si
1257 500 1406 549 vero
1437 496 1541 549 aut
1570 506 1853 550 numerus
1879 486 2118 569 quidam
2149 497 2245 551 est
2269 486 2531 566 aninum,

400 576 552 659 quod
582 573 882 637 subtiliter
909 573 1099 656 magis
1128 593 1301 655 quam
1330 570 1588 634 dilucide
1620 571 1865 649 dicitur,
1911 582 2017 634 aut
2043 572 2250 654 quinta
2271 573 2385 636 illa
2413 592 2537 637 uon

401 660 708 725 nominata
736 659 925 742 magis
957 680 1129 741 quam
1160 678 1283 721 non
1311 657 1615 720 intellecta
1643 668 1892 720 natura:
1942 657 2130 720 multo
2174 658 2353 722 etiam
2383 659 2538 721 iute-

401 745 604 830 griora
634 767 703 808 ac
734 744 978 829 puriora
1005 754 1179 820 sunt,
1227 753 1295 806 ut
1323 763 1357 805 a
1387 753 1553 806 terra
1581 743 1929 826 longissime
1971 762 2040 806 sc
2067 744 2339 806 efferant.
2416 744 2542 807 Ho-

399 854 534 896 rum
564 830 747 915 igitur
777 829 998 913 aliquid
1027 829 1260 893 animus
1290 839 1408 907 cst,
1444 849 1520 891 ue
1548 838 1901 912 tamvcgeta
1928 848 2099 892 mens
2129 839 2234 892 aut
2261 828 2326 892 in
2353 831 2539 894 corde

402 918 728 983 cerebrove
760 927 863 981 aut
889 916 955 978 in
983 915 1377 999 Empedocleo
1409 915 1699 999 sanguine
1729 915 2002 978 demersa
2029 914 2246 978 iaceat.

273 1000 363 1072 18
575 1003 1002 1066 Dicaearchum
1040 1021 1192 1065 vero
1221 1021 1351 1063 cum
1381 998 1750 1064 Aristoxeno
1782 999 2014 1082 aequali
2037 1010 2107 1062 ct
2135 997 2541 1085 condiscipulo

402 1110 535 1165 suo,
568 1090 777 1151 doctos
807 1106 953 1150 sane
983 1088 1276 1162 homineS,
1322 1084 1663 1149 omittamus
1683 1111 1701 1147 ε
1754 1106 2002 1168 quorum
2031 1087 2185 1150 alter
2213 1106 2290 1149 ue
2319 1086 2542 1150 condo-

405 1175 589 1238 luisse
607 1172 843 1254 quidcm
861 1192 1133 1255 umquam
1148 1172 1412 1249 videtur,
1433 1172 1532 1254 qui
1545 1172 1807 1235 animum
1825 1190 1891 1236 sc
1911 1171 2131 1235 habere
2148 1193 2271 1235 non
2289 1172 2536 1249 sentiat,

405 1259 558 1322 alter
580 1259 671 1320 ita
700 1257 1032 1321 delectatur
1055 1258 1181 1321 suis
1199 1258 1494 1336 cautibus,
1530 1268 1597 1320 ut
1619 1279 1725 1323 eos
1750 1258 1930 1320 etiam
1953 1259 2026 1320 ad
2041 1258 2187 1321 haec
2210 1258 2543 1340 transferre

405 1353 677 1407 conetur.
736 1343 1118 1407 Harmoniam
1141 1354 1341 1411 autem
1362 1363 1447 1406 ex
1467 1344 1808 1406 intervallis
1827 1362 2112 1407 sonorum
2127 1364 2307 1408 nosse
2330 1364 2545 1427 possu-
2585 1384 2601 1399 -

403 1452 536 1495 mus
554 1476 573 1506 ‚
624 1450 873 1513 quornm
911 1429 1081 1492 varia
1112 1429 1464 1513 compositio
1496 1430 1674 1492 etiam
1701 1429 2060 1494 -harmonias
2085 1430 2269 1494 efficit
2296 1430 2540 1513 plures3

405 1515 801 1578 memhrorum
836 1535 980 1578 vero
1011 1515 1163 1578 situs
1195 1526 1256 1577 et
1285 1514 1478 1599 figura
1508 1515 1776 1599 corporis
1794 1561 1812 1592 ‚
1848 1535 2072 1579 vacans
2100 1516 2326 1592 animo,
2365 1534 2542 1597 quam

404 1601 597 1683 possit
625 1601 994 1664 harmoniam
1025 1602 1279 1677 efficere,
1312 1621 1440 1663 non
1462 1600 1661 1665 video.
1703 1600 1826 1663 Sed
1857 1600 1952 1663 hic
1980 1600 2238 1683 quidem,
2269 1600 2544 1684 quamvis

406 1686 671 1749 eruditus
697 1686 799 1762 sit,
827 1687 984 1751 sicut
1005 1697 1121 1764 est,
1150 1686 1297 1749 haec
1320 1686 1610 1770 magistro
1639 1686 2288 1765 concedatAristote1i3
2325 1702 2547 1750 canere

407 1770 538 1855 ipsc
567 1771 796 1836 doceat.
846 1772 1036 1835 'Beue
1067 1773 1225 1835 euim
1255 1772 1361 1835 illo
1392 1772 1760 1837 Graecorum
1791 1772 2108 1856 proverbio
2143 1772 2539 1857 praecipitur:

656 1870 661 1875 “
746 1856 941 1938 Quam
970 1855 1230 1944 quisque
1257 1862 1439 1923 norit
1464 1858 1661 1922 artem
1679 1905 1697 1936 ,
1742 1864 1806 1922 in
1836 1859 1956 1922 hac
1986 1880 2052 1921 sc
2081 1859 2401 1922 exerceat.

305 1954 371 2004 42
404 1943 573 2006 Illam
602 1962 749 2007 vero
779 1943 1042 2007 funditus
1074 1944 1382 2007 eiiciamus
1414 1944 1854 2007 individuorum
1884 1962 2195 2028 corporum
2232 1945 2451 2009 levium
2483 1955 2548 2006 et

405 2028 797 2093 rotundorum
841 2029 1291 2091 concursionem
1330 2029 1671 2093 fortuitam:
1721 2050 1895 2111 quam
1937 2040 2138 2092 tamen
2166 2030 2546 2093 Democritus

406 2115 867 2179 concalefactam
899 2124 962 2178 et
990 2113 1330 2195 spirabilem
1348 2160 1367 2191 ‚
1403 2115 1464 2176 id
1496 2125 1589 2179 est
1617 2114 1934 2178 animalem
1953 2161 1971 2192 ‚
2007 2134 2145 2179 esse
2172 2117 2328 2179 vult.
2541 2153 2556 2186 1

376 2220 383 2235 “
580 2200 637 2263 Is
670 2208 867 2261 autem
898 2199 1163 2276 animus,
1199 2199 1322 2282 qui,
1360 2200 1413 2261 si
1444 2210 1539 2264 est
1568 2200 1777 2264 horum
1808 2210 2087 2284 quattuor
2115 2220 2424 2284 generum,
2461 2220 2548 2263 ex

407 2283 618 2368 quibus
651 2283 849 2346 omnia
879 2294 1155 2347 constare
1187 2284 1468 2349 dicuntur
1496 2333 1513 2363 ,
1551 2306 1629 2348 ex
1662 2285 2025 2350 inflammata
2054 2287 2251 2350 anima
2282 2296 2541 2364 constat,

406 2379 474 2433 ut
513 2368 886 2453 potissimum
929 2369 1122 2432 videri
1167 2370 1343 2433 video
1386 2371 1673 2435 Panaetio
1693 2418 1710 2448 ‚
1763 2372 2075 2457 superiora
2119 2383 2393 2456 capessat
2435 2392 2548 2435 ne-

407 2475 578 2525 ,cesse
609 2464 723 2516 cst.
799 2454 964 2518 Nihil
994 2454 1153 2518 enim
1185 2455 1404 2519 hahent
1444 2455 1589 2522 haec
1633 2459 1748 2521 duo
1779 2478 2003 2541 genera
2029 2458 2205 2541 rproni
2235 2469 2298 2522 ct
2327 2456 2550 2542 supera
2623 2525 2637 2539 ‚

405 2559 642 2624 semper
670 2549 899 2624 petunt.
950 2541 1060 2618 lta,
1096 2542 1225 2607 sive
1257 2542 1655 2626 dissipantur,
1691 2544 1896 2627 procul
1928 2565 1966 2606 a
1993 2544 2171 2607 terris
2202 2544 2262 2606 id
2292 2543 2538 2623 evenit3

394 2784 399 2789 -
471 2747 559 2798 41.
598 2751 791 2814 quinta
814 2748 909 2800 illa
935 2775 1001 2787 --
1027 2756 1250 2814 natura,
1294 2751 1419 2815 „die

353 2816 359 2827 '
403 2817 526 2869 cher
590 2818 849 2871 namenlos
905 2818 982 2869 als
1047 2820 1421 2870 unverstandeu

404 2885 765 2951 (unbegriffen)
816 2886 926 2937 ist“
948 2905 963 2951 ς
1035 2903 1080 2938 S.
1130 2886 1169 2937 1.
1213 2889 1296 2951 10,
1329 2888 1418 2939 22.

400 2952 545 3003 Auch
572 2953 662 3002 das
686 2969 792 3005 non
815 2959 1097 3005 nominata
1123 2955 1191 3004 ist
1213 2957 1294 3005 ein
1320 2957 1421 3007 Irr-

401 3020 543 3070 thum
585 3020 824 3085 Ciceros;
888 3023 1193 3073 Aristoteles
1232 3030 1418 3075 uannte

404 3089 495 3139 das
522 3090 573 3138 5.
600 3087 835 3140 Elemcnt
870 3091 914 3140 A
930 3107 958 3141 e
974 3099 996 3141 t
1011 3093 1043 3142 h
1060 3108 1087 3142 e
1104 3106 1151 3141 r.

473 3173 538 3207 nc
558 3184 629 3193 —
650 3161 847 3222 iaceat,'
877 3174 1089 3222 „woran
1105 3174 1218 3208 man
1243 3161 1419 3212 darum

405 3225 679 3278 festhalten
704 3242 859 3290 muSS,
889 3227 1045 3278 damit
1069 3228 1290 3277 nicht—
1307 3229 1366 3280 “.

469 3299 527 3346 in
554 3294 712 3346 corde
735 3303 856 3358 etc„
886 3311 929 3346 S.
958 3297 1009 3360 9,
1043 3297 1103 3346 18
1130 3314 1182 3346 u.
1215 3297 1295 3346 19.

468 3357 570 3419 18.
609 3365 1003 3416 Dicaearchum
1038 3383 1085 3433 c.
1122 3366 1335 3428 An’st.;
1371 3382 1415 3417 s.

407 3433 491 3498 10,
511 3432 599 3483 20.
627 3433 687 3482 21
717 3450 768 3484 u.
802 3434 884 3497 11,
912 3434 998 3485 24.

472 3500 660 3553 doctos
685 3503 941 3564 bominac,
973 3504 1066 3554 der
1087 3502 1226 3554 Plur.
1255 3505 1418 3556 nebeu

400 3570 521 3622 Dic.
541 3586 661 3621 cum
674 3571 871 3635 Arist„
893 3587 935 3622 s.
949 3570 1134 3640 Zumpt
1147 3571 1236 3625 Gr.
1253 3574 1414 3640 §375-

400 3638 650 3690 Achulich
668 3638 816 3690 Lael.
837 3641 919 3706 11,
946 3641 1011 3691 39
1034 3659 1047 3691 :
1084 3643 1290 3709 Papum
1315 3646 1418 3701 Ae-

399 3708 610 3759 milium
670 3709 729 3760 C.
788 3709 1019 3763 Luscino
1071 3711 1417 3777 famitiarem

386 3778 586 3842 finisse,
623 3778 700 3827 bis
725 3793 834 3829 una
859 3781 1117 3832 consules.

470 3846 546 3897 ad
580 3848 711 3898 hacc
752 3847 891 3913 „auf
916 3849 1197 3918 philosoph.
1234 3850 1415 3903 Uuter-

401 3914 756 3981 suchungen“.
784 3916 984 3969 Ebenso
1005 3921 1258 3971 nachhcr:
1286 3923 1419 3971 haec

402 3983 663 4035 concedat
686 3986 995 4041 Aristoteli.

1591 2755 1738 2802 sicut
1781 2757 1893 2814 cst,
1948 2766 2044 2800 zur
2079 2749 2408 2815 Bestiitiguug
2449 2750 2549 2800 der

1524 2822 2032 2885 vorhergegaugcueu
2083 2818 2432 2886 supposition3
2481 2834 2546 2870 so

1522 2890 1649 2939 wird
1692 2890 1819 2939 auch
1858 2895 1927 2939 ut
1948 2894 2033 2938 est
2052 2889 2178 2938 oder
2199 2894 2268 2938 ut
2288 2894 2376 2939 est
2395 2893 2545 2939 certe

1523 2958 1820 3023 geht-auom,
1846 2974 1896 3008 z.
1924 2959 1981 3009 B.
2011 2957 2100 3008 lv.
2125 2957 2215 3020 34,
2245 2957 2330 3008 72.

1594 3043 1766 3108 Quam
1792 3047 2019 3110 quisquc
2040 3050 2141 3093 etc.
2193 3040 2351 3094 Arist.
2379 3041 2541 3107 Vesp.

1526 3111 1653 3161 1431
1680 3129 1693 3160 z
1734 3103 1928 3181 Ἒρδοι
1960 3129 2070 3173 τις,
2109 3102 2179 3176 ἦν
2210 3104 2437 3170 ἕκαστος
2461 3112 2550 3161 εἰ·

1524 3177 1643 3243 δείη
1677 3181 1888 3247 τέχνην.

1590 3267 1676 3316 42.
1717 3268 1923 3318 levium.
1954 3283 1998 3318 S.
2031 3268 2112 3331 11,
2140 3268 2225 3319 22.

1591 3354 2017 3417 concalefactam
2097 3360 2155 3405 ct
2226 3354 2542 3420 spirabilem

1526 3438 1661 3487 „aus
1711 3421 1902 3473 Fener-
1949 3422 2049 3473 und
2084 3422 2404 3475 Lufttheileu
2452 3422 2548 3473 be—

1523 3491 1799 3545 stchend“.

1590 3562 1936 3628 inflammata
1995 3564 2198 3612 anima.
2301 3561 2546 3631 Πνεῦμα

1522 3626 1837 3749 ινίτυροεειὸέςιι
1849 3643 2021 3750 aggai-'²2
2041 3629 2541 3750 dieldStoigc‘tiinKon

1520 3713 1945 3819 ..5335ssss
2022 3698 2105 3765 ¹⁶³
2175 3714 2238 3750 ‘³¹¹
2308 3714 2336 3749 ⁰
2475 3714 2542 3750 ‘³¹¹

1586 3854 1867 3905 Madia.
1919 3852 2162 3904 Passum
2183 3866 2283 3905 von
2308 3853 2534 3918 Rhodus,

1520 3921 1755 3988 Stoikcr,
1804 3921 2009 3973 Freund
2056 3923 2158 3973 und
2201 3922 2397 3975 Lehrcr
2444 3923 2540 3973 <les

1513 3991 1738 4056 jiingeru
1757 3988 1931 4058 Scipio
1957 3992 2062 4042 und
2082 3990 2278 4057 mlius,
2324 3990 2544 4043 Ciceros
