2784 4534
2205 204 2238 247 ι’.

414 288 553 350 34Ῐ
837 330 851 339 -
1089 295 1339 347 LIBER
1366 296 1409 346 Ι.
1439 294 1526 362 22
1561 295 1644 346 53.
1688 294 1774 360 23,
1811 296 1894 345 54.

927 397 935 409 κ
1212 396 1239 421 ι

314 498 318 502 ⁴
423 468 665 534 monet,
698 469 769 521 ιιι
797 477 865 521 se
896 455 1148 539 quisque
1178 465 1410 518 noscat.
1499 453 1637 516 Non
1667 447 1868 531 enim,
1901 454 2118 529 oredo,
2151 454 2213 516 id
2244 437 2572 537 praecipit,

417 554 485 607 ιιι
511 543 777 606 membra
820 551 1031 606 nostra
1072 552 1174 604 aut
1216 537 1502 608 staturam
1546 539 1875 622 figuramve
1919 556 2259 604 noscamus.
2352 538 2571 621 Neque

419 650 529 693 nos
562 648 829 712 corpora
843 647 1051 692 sumus
1067 673 1085 703 ,
1093 644 1244 688 nee
1282 646 1399 709 ego
1442 624 1551 687 tibi
1585 625 1731 688 haec
1763 624 1967 689 dicens
1997 624 2237 708 corpori
2267 635 2372 687 tuo
2404 623 2567 689 dieo.

422 713 623 792 Quum
645 713 869 797 igitur,
890 732 1105 776 nosce
1134 723 1229 786 te,
1258 711 1443 787 dicit,
1480 709 1592 773 hoe
1622 710 1802 787 dicit,
1849 720 2035 773 nos'ee
2064 731 2333 783 ammam
2368 720 2568 772 tuum.

308 852 314 863 .
415 799 568 871 Nam
601 818 814 882 eorpus
861 798 1095 880 quidem
1124 797 1296 878 quasi
1326 817 1435 860 vas
1470 806 1564 860 est
1607 807 1711 859 aut
1740 795 1978 895 aliquod
2009 795 2189 858 animi
2219 806 2575 878 receptacu-

421 883 577 948 lum·
560 930 581 962 ,
627 884 700 947 ab
742 883 942 946 animo
973 894 1076 946 tuo
1108 881 1387 965 quiequid
1417 881 1654 964 agitur,
1692 881 1760 944 id
1792 881 1992 964 agitur
2022 902 2059 943 a
2088 891 2170 943 te.
2247 880 2473 943 Hune
2454 879 2573 962 1gi-

419 979 520 1033 tur
547 991 727 1034 nosse
757 969 877 1032 nisi
907 968 1172 1031 (livinum
1205 979 1402 1044 esset,
1448 988 1570 1028 non
1614 977 1780 1030 esset
1820 966 1938 1089 hoo
1974 965 2224 1030 acrioris
2258 964 2576 1029 cuiusdam

421 1054 609 1118 animi
640 1063 1057 1137 praeceptum,
1090 1052 1180 1116 sie
1211 1063 1275 1114 ut
1305 1014 1590 1115 trilmtum
1622 1052 1733 1114 deo
1765 1053 1866 1116 sit.

211 1162 222 1169 ·
323 1151 386 1200 53
593 1141 709 1202 Sed
738 1139 816 1217 si,
852 1138 1045 1220 qualis
1078 1138 1158 1202 sit
1179 1138 1440 1213 animuS,
1471 1137 1599 1219 ipse
1619 1137 1856 1212 animus
1873 1137 2136 1201 nesciet·
2174 1136 2297 1214 die,
2310 1155 2569 1216 quaeso,

419 1244 497 1287 ne
528 1244 664 1290 esse
694 1223 932 1307 quidem
962 1243 1028 1285 se
1056 1223 1255 1287 sciet?
1296 1243 1381 1285 ne.
1403 1222 1634 1285 moveri
1666 1222 1903 1304 quidem
1931 1223 2064 1286 se?
2065 1241 2152 1283 ex
2183 1243 2301 1304 quo
2332 1220 2443 1283 illa
2470 1240 2576 1284 ra-
2639 1266 2646 1271 -

419 1309 505 1373 tio
538 1321 677 1372 nata
709 1320 804 1373 est
836 1309 1102 1372 Platonis
1121 1356 1138 1386 ,
1192 1322 1344 1406 quae
1376 1329 1413 1370 a
1444 1307 1689 1370 Socrate
1722 1319 1815 1372 est
1842 1308 1907 1373 in
1938 1307 2204 1370 Phaedro
2237 1305 2570 1419 explicata,

418 1416 458 1458 a
486 1416 582 1458 me
600 1398 833 1458 *autem
840 1394 1039 1477 posita
1069 1404 1162 1457 est
1191 1394 1257 1455 in
1285 1403 1463 1457 sexto
1494 1392 1647 1455 libro
1679 1394 1750 1454 de
1781 1394 1865 1456 Re
1896 1392 2163 1476 publiea:

307 1478 398 1549 23
592 1479 814 1559 „Quod
857 1498 1093 1562 semper
1119 1490 1433 1556 movetur,
1478 1489 1785 1542 aeternum
1820 1490 1950 1566 est;
1999 1479 2156 1560 quod
2199 1488 2402 1541 autem
2442 1497 2573 1538 mo·

418 1576 546 1629 tum
590 1567 764 1628 affert
803 1564 984 1628 alicui
1000 1612 1022 1641 ,
1086 1565 1358 1647 quodque
1404 1563 1622 1647 ipsum-
1643 1551 1913 1648 agitatur
1958 1563 2230 1641 alicunde
2249 1610 2267 1641 ,
2331 1561 2573 1644 quando

419 1650 597 1715 finem
629 1650 807 1714 habet
835 1660 1068 1727 motUS,
1113 1648 1358 1714 vivendi
1405 1649 1584 1712 finem
1624 1642 1839 1713 habeat
1882 1669 2133 1713 necesse
2153 1660 2279 1712 est
2362 1646 2571 1711 Solum

416 1735 643 1821 igitur,
709 1735 864 1818 quod
908 1754 975 1799 se
1006 1736 1200 1820 ipsum
1231 1746 1469 1812 movet,
1517 1735 1656 1818 quia
1691 1756 2012 1818 numquam
2043 1707 2345 1799 deseritur
2391 1754 2430 1795 a
2474 1752 2566 1810 se,
2648 1789 2664 1803 ,

418 1843 738 1904 numquam
770 1840 846 1885 ne
876 1821 1108 1885 moveri
1141 1821 1377 1926 quidem
1405 1814 1662 1897 desinit,
1700 1821 1843 1903 quin
1886 1821 2066 1883 etiam
2109 1819 2329 1882 ceteris
2347 1865 2367 1895 ,
2414 1834 2572 1900 quae

320 1917 386 1967 54
416 1917 771 1984 moventur,
784 1906 915 1968 hio
959 1908 1135 1983 fons,
1165 1906 1296 1969 hoo
1338 1906 1693 1989 principium
1738 1918 1833 1969 est
1886 1904 2196 1968 movendi.
2256 1901 2570 2002 ‘Principii

420 2004 619 2056 autem
648 1992 814 2055 nulla
845 2003 938 2055 est
968 1991 1161 2088 origo.
1230 1991 1384 2080 Nam
1418 2010 1451 2052 e
1481 1990 1774 2073 principio
1805 1988 2081 2052 oriuntur
2110 1989 2336 2064 omnia,
2372 1988 2573 2087 ipsum

420 2090 618 2141 autem
649 2077 813 2140 nulla
843 2097 925 2138 ex
954 2096 1022 2138 re
1053 2075 1170 2137 alia
1202 2074 1369 2138 nasei
1401 2085 1630 2157 potest,
1684 2095 1796 2136 neo
1840 2073 1998 2136 enim
2046 2085 2209 2137 esset
2251 2073 2312 2136 id
2346 2073 2571 2157 prinei-

419 2163 613 2246 pium,
651 2162 804 2243 quod
834 2161 1184 2243 gigneretur
1213 2159 1475 2222 aliunde.

1604 2376 1981 2436 praeceptam,
1996 2374 2078 2420 sie
2102 2377 2169 2421 ut
2193 2373 2325 2422 trib.
2343 2372 2443 2423 deo
2457 2376 2567 2425 sit.-

419 2390 544 2426 ΜΝ
571 2373 757 2439 (sm'sst
776 2373 816 2400 ⁴‘
856 2371 1176 2434 gastandan,
1213 2370 1435 2434 ahnlich’
1547 2455 1645 2502 „so
1681 2439 1857 2489 wiirde
1892 2439 2046 2504 jenes
2086 2437 2251 2490 Gebot
2291 2441 2434 2491 nieht
2472 2456 2570 2491 von

417 2444 517 2493 wie
543 2457 658 2492 man
683 2442 734 2490 in
772 2442 865 2491 der
887 2438 1206 2490 Alternative
1230 2442 1314 2488 sin
1340 2443 1441 2489 mi-

1556 2159 1723 2236 Quod
1767 2158 1820 2221 si
1854 2178 2173 2240 numquam
2204 2158 2442 2237 oritur,
2492 2176 2572 2222 ne
2653 2166 2660 2172 ’

418 2528 538 2573 ηας,
569 2514 656 2559 sin
680 2510 847 2560 aliter
870 2509 995 2559 oder
1030 2507 1168 2558 bloss
1198 2510 1287 2557 sin
1308 2507 1437 2557 ohne

419 2577 642 2629 Verbum
667 2578 952 2629 anwenrlet.

487 2651 556 2697 ut
587 2663 645 2696 se
678 2650 903 2712 quisque
938 2651 1148 2697 noscat.
1211 2640 1441 2706 „Tmssac

420 2709 693 2766 osavro'w‘
722 2715 870 2765 stand
895 2715 1023 2765 iiber
1048 2715 1160 2765 dem
1181 2682 1439 2779 Effingange

419 2786 510 2836 des
536 2785 856 2851 delphisohen
881 2781 1143 2850 Tempels;
1173 2785 1301 2836 auch
1327 2784 1440 2833 dem

420 2852 601 2903 Chilon
640 2853 732 2902 zius
757 2850 1107 2917 Laoedamon,
1148 2853 1312 2903 einem
1349 2852 1443 2902 der

418 2935 592 2985 sogen.
605 2919 991 2988 siebenWeisen
998 2920 1437 2986 ,zugesehriebem

487 2989 675 3052 credo,
728 2972 1093 3054 eingeschaltet
1137 2990 1289 3048 (ohne
1331 2991 1438 3053 ut),

418 3056 557 3122 gieht
595 3027 707 3107 dein
734 3057 888 3109 Satze
925 3060 976 3108 in
1014 3059 1106 3108 der
1129 3056 1288 3122 Rege!
1325 3057 1439 3108 eine

416 3126 560 3176 mehr
608 3126 732 3177 oder
774 3127 973 3178 minder
1017 3126 1270 3176 ironisohe
1316 3124 1456 3175 Far„

418 3194 1198 3260 bung,vgl.44‚105;ebenso
1227 3197 1437 3261 opinor,

421 3265 506 3328 36,
537 3264 600 3313 87
625 3260 729 3313 und
755 3233 842 3327 38,
870 3264 952 3313 92.

486 3331 673 3401 Neque
711 3348 807 3382 nos
850 3347 1081 3396 corpora
1106 3347 1310 3380 sumus,
1364 3330 1439 3381 De

418 3416 527 3468 rep.
532 3382 784 3452 V1.24:
829 3398 942 3451 Nee
980 3404 1117 3450 enim
1157 3405 1217 3450 tu
1266 3416 1314 3450 ts
1366 3416 1436 3465 es,

420 3485 576 3537 quem
604 3470 803 3553 forma
849 3473 960 3519 ista
1011 3469 1282 3533 declarat,
1346 3469 1443 3518 sed

416 3554 566 3588 mens
593 3542 847 3604 cuiusque
868 3542 916 3588 is
942 3544 1028 3588 est
1051 3541 1302 3604 quisque,
1334 3552 1441 3586 non

421 3622 483 3657 ea
516 3609 749 3677 figura,
817 3622 956 3672 quae
1003 3606 1180 3702 digito
1229 3605 1442 3656 demon-

417 3680 598 3727 strari
610 3681 819 3741 potest.

490 3744 665 3809 Quum
701 3747 877 3825 igitur
910 3751 1012 3823 effe.
1068 3743 1202 3794 Plat.
1239 3743 1354 3794 Alc.
1396 3742 1436 3794 Ι.

389 3815 468 3878 Ῥ.
501 3811 674 3861 131a:
716 3806 904 3894 ψυχὴν
931 3804 1041 3894 ἆρὰ
1062 3807 1209 3881 ἡμᾶς
1232 3806 1441 3862 κελεύει

414 3883 689 3998 {semotique
747 3876 795 3930 ὁ
834 3877 1177 3933 ἐπιτάττων
1229 3882 1441 3947 γνῶναι

446 3943 619 4000 αυτόν

1544 2508 1709 2559 einem
1736 2505 1910 2558 Geiste
1949 2507 2175 2572 gegeben
2198 2511 2411 2559 worden
2437 2509 2567 2572 sein,

1544 2576 1637 2627 der
1683 2575 1913 2626 sehiirfer
1944 2576 2058 2641 (als
2077 2576 2164 2631 die
2204 2575 2416 2642 Menge)
2455 2578 2569 2640 sah,

1543 2661 1600 2696 so
1651 2645 1768 2703 dass
1808 2660 1863 2694 es
1907 2645 2069 2697 einem
2110 2643 2260 2696 Gotte
2309 2647 2573 2711 beigelegt

1543 2714 1750 2764 worden
1788 2713 1896 2763 ist“
1983 2713 2104 2764 Dies
2130 2714 2197 2763 ist
2222 2714 2305 2765 die
2331 2715 2571 2779 gewohn-

1499 2800 1505 2813 ⁸
1543 2783 1675 2834 liche
1735 2778 2085 2832 Emendation
2119 2782 2203 2832 fiir
2250 2783 2332 2833 die
2382 2782 2571 2834 Lesart

1544 2852 1637 2902 der
1653 2850 2072 2901 Handsehril'ten:
2101 2867 2181 2900 sic
2205 2857 2273 2901 ut
2297 2854 2570 2902 tributum

1545 2936 1578 2970 a
1628 2921 1724 2971 deo
1785 2923 1867 2971 sit
1922 2920 2022 2969 Ιιοο
2068 2936 2125 2969 se
2172 2923 2351 2985 ipsum
2406 2935 2567 2986 posse

1545 3004 1893 3055 cognoscere,
1946 2987 2058 3037 die
2077 2987 2261 3038 keinen
2304 2989 2417 3039 hier
2454 2998 2567 3054 pas·

1545 3057 1733 3107 senden
1757 3056 1879 3106 Sinn
1904 3056 2062 3121 giebt.
2114 3055 2243 3107 Was
2271 3048 2382 3108 Cic.
2412 3071 2565 3120 sagea

1544 3126 1747 3188 wollte,
1781 3125 1945 3200 kann,
1989 3126 2156 3175 zumal
2180 3142 2229 3174 w
2233 3142 2332 3176 enn
2357 3139 2473 3175 man
2497 3121 2561 3174 V.

1544 3194 1631 3256 25,
1661 3195 1755 3257 703
1795 3180 1855 3243 (16
1891 3193 1994 3244 fin.
1995 3193 2083 3244 V.
2117 3194 2212 3257 16,
2256 3196 2324 3245 44
2363 3193 2466 3244 und
2502 3191 2565 3241 de

1542 3262 1645 3327 Igne
1696 3261 1736 3313 Ι.
1788 3262 1891 3327 22,
1944 3262 2007 3316 58
2055 3262 2371 3328 vergleioht,
2426 3259 2563 3312 nieht

1523 3279 1891 3382 ‘zwgoil'elhaft
1907 3331 2035 3380 sein.
2099 3331 2177 3381 Da
2222 3332 2331 3382 also
2357 3301 2563 3380 einmal

1545 3397 1806 3451 Mehreres
1845 3400 2132 3464 gesti-ichen
2173 3401 2381 3450 werden
2404 3411 2561 3459 muSS,

1546 3483 1601 3519 so
1628 3468 1796 3518 diirste
1818 3484 1873 3519 es
1898 3468 1987 3518 das
2012 3461 2310 3520 Einfaehsie
2335 3460 2465 3529 sein,
2497 3474 2560 3512 zu

1545 3537 1843 3588 schreiben:
1878 3542 1989 3587 ‘non
2026 3544 2168 3588 osset
2203 3540 2304 3588 Ιιοο
2329 3534 2560 3586 acrioris

1546 3606 1829 3656 mciusdam
1868 3610 2039 3656 ammi
2069 3611 2421 3673 praeceptum
2462 3602 2564 3651 m·-

1513 3708 1518 3717 1
1546 3677 1735 3725 butum
1761 3674 1876 3724 deo·

1612 3776 1696 3827 53.
1759 3782 1906 3829 ratio
1944 3768 2147 3829 hier-4
2183 3774 2556 3832 ratiocinatio,

1542 3851 1969 3911 argumentati&

1609 3952 1666 3998 in
1689 3949 1951 4011 Phaedro,
1982 3963 2095 4013 pag.
2129 3949 2227 3999 245
2261 3944 2434 4009 Steph).
