2784 4534
392 264 518 328 194
613 242 618 251 ’
1035 329 1049 337 ,
1105 274 1477 339 ιῐιιιιιιιν.
1507 276 1594 343 26,
1626 276 1711 329 56.
1745 256 1833 328 ⁵⁷2

274 433 366 507 26
560 432 642 497 At
670 434 851 498 etiam
879 434 1172 499 aemulari
1203 434 1349 499 utile
1381 447 1525 514 est,
1543 435 1927 514 obtrectare,
1950 436 2252 502 misereri.
2290 472 2370 484 —
2415 437 2548 501 Cur

290 532 355 583 56
384 520 717 584 misereare
760 519 958 605 potius
978 569 997 600 ,
1046 542 1219 603 quam
1268 523 1428 585 feras
1454 525 1646 605 'opem
1665 568 1682 599 ,
1734 522 1787 584 si
1831 522 1893 585 id
1934 523 2133 585 facere
2178 523 2420 605 possis?
2459 543 2546 585 an

389 607 523 672 sine
553 605 964 673 misericordia
1008 606 1288 670 liberales
1331 627 1466 670 esse
1498 630 1618 671 non
1651 610 2012 692 possumus?
2054 615 2176 670 n'on
2208 607 2369 670 enim
2399 629 2537 672 sus-

389 691 590 776 cipere
634 692 750 775 ipsi
791 691 1198 776 aegritudines
1243 703 1488 777 propter
1529 693 1682 758 alios
1725 692 2045 770 debemus,
2094 692 2200 758 sed
2243 692 2394 758 alios
2416 740 2433 770 ,
2481 692 2540 757 si

393 796 716 861 possumus
734 825 752 856 ,
788 778 995 842 levare
1027 778 1428 863 aegritudine.
1509 778 1857 843 Obtrectare
1897 800 2045 843 vero
2092 778 2268 842 alteri
2300 790 2404 842 aut
2431 779 2541 842 illa

384 863 607 927 vitiosa
637 863 1072 941 aemulatione,
1124 884 1277 947 quae
1305 864 1595 929 rivalitati
1638 864 1852 931 similis
1884 875 2015 941 est,
2064 864 2351 927 aemulari
2394 864 2555 947 quid·

388 947 566 1012 habet
609 940 927 1037 utilitatis?
986 971 1165 1032 quum
1205 949 1290 1013 sit
1331 950 1686 1015 aemulantis
1717 950 1858 1036 angi
1889 949 2088 1013 alieno
2132 950 2290 1013 bono
2310 996 2327 1027 ,
2378 951 2538 1033 quod

267 1090 276 1097 ,
386 1034 410 1097 i
450 1055 517 1100 se
548 1056 672 1098 non
701 1034 948 1113 haheat3
1014 1034 1407 1099 obtrectantis
1439 1045 1670 1114 autem,
1721 1036 1862 1119 angi
1907 1035 2106 1099 alieno
2137 1035 2330 1112 bone,
2378 1037 2538 1118 quod

384 1056 447 1182 ig
494 1121 671 1182 etiam
714 1120 865 1184 alius
911 1120 1141 1183 habeat.
1222 1121 1336 1200 Qui
1366 1121 1427 1183 id
1459 1120 1772 1205 approbari
1817 1121 2042 1206 possit,
2093 1120 2535 1205 aegritudinem

379 1204 694 1288 suscipere
725 1226 833 1289 pro
865 1206 1291 1290 experientia,
1312 1206 1365 1270 si
1398 1206 1536 1289 quid
1567 1206 1784 1269 habere
1818 1207 2009 1270 velis-⁴?
2039 1228 2175 1270 nam
2206 1206 2400 1271 solum
2429 1206 2536 1271 ha-

287 1304 356 1369 57,
382 1289 527 1353 bere
557 1289 715 1355 velle
747 1311 979 1354 summa
1010 1291 1309 1354 dementia
1339 1302 1451 1354 est.
1540 1292 1989 1356 Mediocritates
2014 1303 2211 1356 autem
2244 1292 2537 1356 malorum

385 1374 518 1460 quis
548 1375 791 1439 laudare
821 1386 985 1459 recte
1016 1366 1248 1461 possit?
1291 1376 1454 1461 ,Quis
1487 1378 1642 1441 enim
1675 1388 1902 1462 potest,
1949 1379 2013 1440 in
2055 1376 2171 1461 quo
2215 1377 2396 1441 libido
2430 1399 2535 1441 cu·-

383 1462 677 1561 piditasve
709 1461 826 1539 sit,
872 1483 993 1525 non
1026 1460 1379 1527 libidinosus
1412 1473 1472 1526 et
1502 1463 1747 1547 cupidus
1781 1465 1960 1528 esse?
2000 1464 2066 1525 in
2099 1486 2214 1546 quo
2244 1463 2374 1540 ira,
2410 1485 2533 1527 non

384 1546 752 1611 1racundus?
780 1547 844 1611 in
876 1569 991 1630 quo
1022 1569 1244 1632 angor,
1281 1571 1403 1612 non
1436 1550 1698 1613 anxius?
1725 1549 1788 1613 in
1820 1571 1936 1632 quo
1969 1549 2184 1626 timor,
2223 1571 2341 1611 non
2373 1549 2534 1612 timi-

383 1632 541 1697 dus?
598 1631 1009 1698 Libidinosum
1050 1634 1235 1718 igitur
1274 1645 1334 1698 et
1375 1635 1724 1698 iracundum
1767 1645 1827 1698 et
1865 1635 2117 1699 anxium
2159 1646 2219 1697 et
2259 1635 2531 1698 timidum

380 1738 697 1782 censemus
729 1739 866 1783 esse
897 1719 1228 1804 sapientem
1247 1722 1277 1782 ’ἓ
1349 1720 1440 1784 De
1470 1721 1637 1785 cuius
1670 1720 2032 1784 excellentia
2076 1720 2263 1783 multa
2292 1721 2528 1804 quidem

383 1804 499 1867 dici
544 1806 815 1887 quamvis
859 1805 992 1869 fuse
1035 1805 1271 1889 lateque
1316 1817 1600 1890 possunt,
1651 1807 1758 1871 sed
1801 1806 2159 1870 brevissime
2189 1806 2294 1869 illo
2325 1807 2523 1883 modo,

380 1890 733 1975 sapientiam
777 1910 916 1954 esse
943 1911 1163 1955 rerum
1208 1891 1543 1956 divinarum
1577 1901 1637 1953 et
1666 1892 2053 1954 humanarum
2084 1892 2396 1955 scientiam
2427 1913 2528 1954 co-

379 1976 863 2065 gnitionemque,
901 1997 1053 2060 quae
1085 1978 1371 2060 cuiusque
1400 1978 1493 2040 rei
1525 1998 1740 2042 caussa
1772 1978 1872 2041 sit.
1949 1978 2048 2040 Ex
2091 1999 2207 2061 quo
2253 1978 2521 2062 efficitur,

332 2112 352 2131 κ
378 2071 446 2124 ut
475 2062 679 2125 divina
708 2061 1008 2140 imitetur,
1056 2061 1316 2126 humana
1359 2063 1561 2126 omnia
1605 2062 1892 2127 inferiora
1931 2063 2155 2126 virtute
2188 2064 2385 2127 ducat.
2456 2063 2526 2126 ‘In

378 2146 532 2211 hanc
563 2156 627 2210 tu
657 2146 880 2229 igitur,
929 2157 1230 2230 tamquam
1261 2148 1324 2210 in
1356 2168 1555 2225 mare,
1602 2149 1758 2229 quod
1780 2159 1896 2214 *est
1937 2148 2134 2211 ventis
2166 2148 2519 2225 subiectum,
2556 2189 2565 2193 >

376 2231 886 2317 perturbationem
916 2232 1128 2295 cadere
1157 2233 1266 2295 tibi
1298 2233 1509 2297 dixisti
1538 2233 1777 2296 videri?
1828 2232 1979 2313 Quid
2021 2244 2152 2311 est,
2204 2236 2360 2317 quod
2393 2246 2525 2298 tan-

375 2326 496 2380 tam
527 2316 886 2400 grav‘itatem
919 2318 1447 2402 constantiamque
1463 2318 1815 2404 perturbet?
1855 2341 1933 2389 an
1971 2314 2371 2403 improvisum
2412 2320 2527 2383 ali-

372 2402 534 2486 quid
559 2410 684 2465 aut·
702 2401 1128 2486 repentinum?
1188 2403 1327 2486 quid
1371 2415 1572 2489 potest
1610 2405 1881 2489 accidere
1927 2406 2049 2468 tale
2082 2405 2172 2483 ei,
2220 2406 2314 2469 cui
2345 2405 2516 2482 nihil,

302 2554 314 2560 ,
373 2488 529 2571 quod
559 2486 786 2553 homini
818 2487 1062 2552 evenire
1092 2488 1305 2573 possit,
1344 2491 1837 2575 praemeditatum
1870 2513 1991 2556 non
2023 2490 2145 2555 sit?
2181 2490 2333 2555 Nam
2367 2492 2525 2575 quod

1588 2602 1599 2640 l
1920 2630 1951 2647 a.

250 2389 258 2419 Ι

326 2714 336 2721 ·
439 2694 545 2756 26.
587 2699 672 2750 56.
713 2700 1008 2764 aemulari,
1064 2701 1391 2766 obtrectare,
1501 2708 1620 2753 tate
1668 2702 1905 2768 quadam
1946 2704 2223 2767 provenit,
2283 2690 2523 2752 erkliiren

365 2771 632 2833 misereri,
663 2784 708 2820 s.
736 2768 823 2832 20,
851 2769 939 2820 46.
1497 2770 1716 2835 wollen3
1769 2770 1924 2822 allein
1963 2769 2063 2819 wie
2098 2769 2232 2820 kann
2281 2771 2526 2821 accidere
2634 2826 2647 2830 ,

424 2852 535 2903 pro
561 2841 898 2902 emper-tentia
938 2845 1110 2903 „statt
1135 2839 1298 2891 selbst
1322 2841 1397 2890 ei-
1498 2841 1645 2890 einen
1671 2836 2205 2903 directenGegensatz
2233 2855 2298 2889 zu
2319 2843 2526 2890 evenire

366 2919 462 2954 nen
487 2904 718 2959 Versuch
746 2923 811 2956 zu
834 2908 1110 2957 machcn“.
1420 2952 1427 2956 .
1495 2908 1701 2958 bilden?
1760 2908 1861 2958 und
1908 2906 2005 2957 wie
2051 2906 2187 2957 kann
2236 2923 2322 2972 es,
2372 2923 2522 2958 wenn

436 2973 520 3023 57.
540 2956 946 3040 Quamvis-stne,
963 2974 1105 3026 nicht
1127 2978 1394 3028 concessiv
1497 2979 1624 3040 tale,
1655 2976 1706 3026 d.
1735 2978 1769 3026 i.
1800 2979 2152 3042 improvisum
2186 2976 2525 3043 aliquid‘aut

363 3039 548 3100 (daher
571 3043 700 3091 auch
727 3042 820 3091 der
842 3042 1002 3093 Indic.
1030 3043 1204 3106 dabei)
1218 3081 1233 3107 ,
1273 3060 1391 3095 son·
1494 3044 1913 3112 repentinum„d
1930 3059 1961 3094 a
1975 3060 2005 3094 n
2021 3044 2093 3094 eb
2109 3061 2138 3095 e
2156 3060 2187 3093 n
2213 3045 2370 3109 steht,
2392 3045 2523 3110 jene

363 3108 489 3159 dern
538 3109 636 3159 wie
677 3110 716 3165 1,
759 3110 857 3175 21,
894 3113 972 3163 4Τ
1012 3116 1255 3178 quamvis
1305 3129 1390 3164 co-
1482 3114 1789 3179 ςΒειιίειιιιιιιις
1857 3112 2021 3163 haben
2034 3113 2080 3179 ἲ)
2167 3112 2283 3165 wir
2353 3113 2521 3163 haben

352 3180 530 3243 piace.
1482 3198 1698 3249 praem.
1741 3198 1848 3232 non
1884 3185 1965 3231 sit
1996 3181 2081 3231 fiir
2116 3181 2197 3232 die
2221 3179 2374 3247 Vulg.
2411 3198 2521 3233 non

429 3249 755 3311 sapientiam
781 3263 894 3297 esse
906 3253 1005 3299 etc.
1035 3246 1272 3323 Dieselbe
1288 3248 1388 3301 Er·
1482 3267 1696 3318 praem.
1750 3254 1829 3302 sit
1873 3249 2206 3315 geschrieben
2226 3287 2240 3315 ,
2291 3251 2411 3302 weil
2461 3267 2519 3301 es

358 3313 578 3381 kliirung
603 3331 647 3369 s,
674 3313 739 3367 V.
768 3315 822 3380 3,
852 3317 901 3367 7.
1490 3320 1597 3370 sich
1636 3336 1690 3370 so
1726 3319 1945 3373 leiehter
1969 3316 2192 3382 erkliirt,
2238 3318 2336 3369 wie
2376 3319 2517 3370 diese

466 3384 890 3435 racmeditatam
924 3401 1030 3436 non
1068 3389 1163 3437 sit.
1226 3386 1383 3443 Diese
1487 3387 1671 3439 Worte
1711 3388 1962 3439 ausfallen
1989 3388 2231 3438 konnten.
2283 3384 2389 3438 Des
2412 3387 2521 3438 Ab·

430 3459 541 3503 orte
568 3453 744 3504 stehen
772 3454 825 3503 in
850 3453 946 3504 den
973 3452 1189 3505 Hdschr.
1221 3456 1380 3522 nieht,
1488 3452 1778 3509 schreihers
1803 3458 1945 3521 Auge
1971 3457 2089 3520 glitt
2110 3471 2208 3507 von
2238 3460 2426 3523 possit
2448 3473 2518 3506 zu

354 3518 561 3572 werden
599 3522 726 3572 aber
761 3521 917 3573 durch
956 3523 1050 3574 den
1080 3522 1205 3575 Sinn
1238 3526 1384 3576 noth-
1486 3532 1558 3576 ηδ
1581 3531 1659 3576 sit
1681 3526 1914 3576 hiniiher.
2540 3548 2547 3555 ·

356 3590 557 3654 wendig
596 3589 872 3655 gesordert.
941 3591 1082 3656 (Man
1116 3594 1206 3644 hat
1241 3610 1383 3645 zwar
1556 3596 1702 3662 quod
1725 3598 1906 3658 aiunt,
1937 3600 1987 3645 s:
2014 3595 2100 3659 20,
2129 3594 2217 3644 46.

355 3659 664 3724 neucrdings
728 3660 856 3710 ohne
917 3660 1174 3712 dieselben
1237 3662 1377 3714 diese
1555 3680 1624 3714 ex
1682 3679 1933 3715 errorum
1994 3663 2303 3725 radicibus,
2378 3659 2514 3712 Gen.

354 3723 514 3778 Stelle
551 3727 709 3778 durch
737 3728 833 3781 den
858 3729 1061 3781 blossen
1089 3729 1376 3797 Gegensatz
1484 3748 1696 3799 epexeg.
1742 3731 1860 3797 vgl.
1905 3732 1945 3782 1.
1976 3733 2060 3798 36,
2092 3732 2175 3787 87,
2195 3746 2385 3781 nomen
2426 3746 2517 3781 ca-

354 3795 609 3846 zwisehen
657 3797 950 3848 accidit=
975 3816 1044 3849 ex
1085 3803 1376 3867 improviso
1483 3801 1643 3852 rendi
1650 3819 1670 3862 ,·
1708 3801 1797 3852 111.
1839 3802 1890 3867 6,
1922 3801 1983 3851 12
2022 3816 2224 3867 merces
2259 3803 2515 3850 immani-

353 3867 412 3912 εἰ
425 3871 655 3928 praeter
677 3882 825 3932 spem
834 3869 935 3933 fit,
980 3870 1083 3919 und
1111 3873 1286 3920 evenit
1304 3893 1376 3912 =
1483 3874 1641 3922 tatia

353 3946 422 3980 ex
456 3928 642 3984 reruni
677 3941 881 3987 natura
922 3941 1129 3989 et'cam
1154 3941 1377 3989 necessi-
1549 3934 1651 3995 27.
1694 3940 1779 3989 58.
1821 3945 2032 4006 quanta
2078 3942 2221 4003 sint,
2277 3952 2415 4004 quac
2439 3934 2533 3976 ·-‘--
