2784 4534
833 347 836 355 Ι
931 230 1183 358 mnu-n
1213 278 1275 332 11.
1313 280 1396 346 ιο,
1429 278 1514 331 37.
1547 279 1632 332 as.
1900 232 1917 246 ⁸
2238 272 2322 336 95

178 461 498 523 numquam
519 434 541 500 ἐ
572 439 979 523 impelluntur,
1020 441 1345 518 feriuntur,
1377 434 1761 518 ahiiciuntur‚
1796 443 2049 521 cadunt3
2099 454 2160 505 et
2188 428 2318 527 ipse

178 525 346 591 labor
376 525 549 609 quasi
579 525 793 593 callum
825 527 1115 608 quoddam
1145 526 1381 592 obducit
1412 524 1627 607 dolori.

347 610 625 677 Militiam
668 632 815 676 vero
848 613 1142 695 (nostram
1173 613 1303 678 dico
1323 659 1342 691 ‚
1371 611 1975 696 Jnon'Spartiataz-um
1994 661 2011 691 ‚
2064 637 2315 698 quorum
2337 614 2426 686 16
2464 632 2481 634 Ϋ

177 697 444 782 procedit
486 718 701 782 agmen
742 699 816 760 ad
859 698 1065 762 tibiam
1085 745 1102 776 ,
1157 706 1267 762 nec
1309 697 1623 762 adhibetur
1664 697 1787 763 ulla
1818 698 1949 762 sine
1980 702 2319 785 anapaestis
2350 714 2415 765 37

178 782 426 868 pedibus
456 782 745 863 hortatio)
778 820 858 831 ——
887 784 1086 849 nostri
1116 784 1422 849 exercitus
1467 783 1721 868 primum
1765 784 1921 863 unde
1965 806 2184 849 nomen
2215 788 2320 851 ha-

176 870 390 945 beant,
435 869 644 947 vides3
694 869 944 947 deinde,
995 870 1095 953 qui
1127 870 1332 947 labor,
1368 869 1944 952 quantusagminis:
1992 872 2154 934 ferre
2184 872 2317 956 plus
2416 876 2447 959 <j

179 953 471 1019 dimidiati
516 954 741 1019 mensis
773 954 1027 1034 cibaria3
1076 956 1272 1034 ferre,
1323 955 1548 1038 siquid
1579 956 1651 1018 ad
1682 977 1856 1020 usum
1889 956 2106 1035 velint3
2156 958 2318 1020 ferre
2412 952 2423 959 ’

177 1041 424 1105 vallum.
473 1039 626 1104 Nam
657 1052 921 1119 scutum,
957 1041 1216 1124 gladium
1235 1091 1252 1121 ,
1298 1043 1531 1127 galeam
1561 1041 1623 1105 in
1654 1061 1839 1104 onere
1870 1043 2079 1107 nostri&
2095 1043 2316 1109 milites

178 1149 298 1190 non
339 1127 476 1211 plus
524 1137 876 1205 numerant,
926 1149 1100 1210 quam
1149 1127 1428 1193 humeros
1446 1172 1465 1204 ‚
1513 1128 1767 1191 lacertos
1787 1173 1805 1204 ‚
1848 1149 2083 1193 manus.
2131 1127 2318 1192 Arma

180 1213 337 1276 enim
382 1211 648 1276 membra
690 1212 896 1281 militis
942 1234 1077 1278 esse
1121 1214 1345 1278 dicunt.
1409 1213 1572 1293 Quae
1616 1212 1850 1295 quidem
1895 1213 1981 1277 ita
1996 1226 2318 1297 »geruntur

181 1310 335 1382 apte,
374 1309 440 1362 ut
458 1344 476 1373 ,
530 1297 582 1361 si
613 1321 758 1362 usus
788 1300 975 1398 ferato,
1031 1300 1275 1364 abiectis
1307 1299 1591 1364 oneribus
1613 1348 1630 1378 ,
1667 1299 1963 1382 expeditis
1994 1300 2179 1366 armis
2197 1348 2214 1378 ‚
2254 1313 2319 1367 ut

65 1396 76 1405 “
178 1384 485 1461 memhris,
506 1404 771 1471 pugnare
801 1396 1051 1467 possmt.
1102 1385 1297 1464 Quid?
1329 1384 1682 1467 exercitatio
1712 1385 2017 1469 legionum
2035 1422 2113 1433 -
2130 1388 2271 1469 quid
2289 1389 2318 1448 ’.Ρ

178 1470 279 1533 ille
310 1492 522 1535 cursus
539 1516 556 1546 ‚
606 1490 927 1535 concursus
944 1517 961 1548 ‚
998 1472 1243 1547 clamor,
1279 1472 1484 1553 quanti
1513 1469 1736 1534 laboris
1768 1472 1895 1533 est!
1947 1472 2046 1533 Ex
2075 1473 2185 1535 hoc
2213 1474 2319 1536 ille

180 1556 413 1621 animus
455 1555 519 1616 in
563 1555 807 1639 proeliis
850 1567 1093 1640 paratus
1138 1558 1212 1619 ad
1256 1557 1531 1621 vulnera.
1590 1556 1794 1619 Adduo
1832 1557 1963 1640 pari
1993 1557 2192 1621 animo
2222 1558 2314 1621 in·
2352 1596 2359 1601 α

182 1642 573 1707 exercitatum
618 1641 897 1705 militem:
962 1642 1178 1705 mulier
1216 1642 1538 1705 videbitur.
1632 1641 1756 1704 Cur
1798 1653 2026 1707 tantum
2068 1643 2320 1708 interest
2349 1656 2416 1706 38

177 1727 340 1792 inter
382 1749 602 1790 novum
648 1738 709 1793 et
753 1738 1022 1793 veterem
1068 1727 1399 1792 exercitum
1419 1774 1437 1806 ‚
1488 1739 1770 1811 quantum
1803 1728 2043 1810 experti
2070 1750 2274 1793 sumus
2289 1732 2318 1791 ’ἔ

176 1813 362 1877 Aetas
422 1812 684 1876 tironum
714 1810 1068 1897 plerumque
1110 1813 1368 1893 *melior3
1449 1814 1557 1879 sed
1603 1815 1763 1876 ferre
1811 1812 2076 1876 laborem
2094 1859 2111 1890 ‚
2177 1834 2318 1876 con-

173 1899 696 1966 ‘temnere‘vulnus
728 1901 1093 1963 consuetudo
1125 1900 1317 1963 docet.
1378 1899 1533 1979 Quin
1565 1898 1748 1961 etiam
1773 1898 2051 1963 videmus
2078 1899 2316 1985 ex'acie

182 1984 383 2047 efferri
426 2004 604 2067 saepe
651 1985 886 2049 saucios
907 2030 926 2062 ,
977 1996 1036 2048 et
1066 1985 1300 2068 quidem
1329 1986 1541 2050 rudem
1569 1985 1736 2048 illum
1768 1995 1828 2046 et
1856 1984 2316 2048 inexercitatum

181 2069 454 2153 quamvis
483 2070 604 2133 levi
634 2070 754 2139 ictu
784 2070 1048 2154 ploratus
1079 2071 1456 2156 turpissimos
1489 2071 1688 2135 edere.
1722 2068 1802 2131 At
1830 2090 1977 2133 vero
2007 2069 2111 2132 ille
2138 2089 2316 2133 exer-

181 2156 395 2220 citatus
429 2167 489 2218 et
531 2167 706 2220 vetus
738 2157 812 2220 oh
852 2177 1102 2240 eamque
1131 2178 1261 2223 rem
1289 2157 1507 2221 fortior
1522 2204 1539 2234 ‚
1582 2154 1880 2219 'medicum
1912 2156 2086 2219 modo
2115 2155 2316 2239 requi-

179 2262 348 2319 rens,
384 2263 422 2304 a
452 2263 568 2324 quo
599 2241 932 2327 obligetur:

182 2435 245 2485 nd
273 2434 393 2486 fam.
422 2430 517 2483 IX.
545 2434 596 2497 2,
623 2432 687 2482 3:
729 2435 1056 2485 consuetudo
1093 2408 1203 2483 cal-A

181 2504 294 2555 lum
320 2502 555 2562 obduxit
575 2503 854 2561 stomacho
876 2519 992 2553 meo
1013 2520 1032 2564 ς
1068 2503 1197 2553 auch

179 2574 336 2623 unten
366 2570 456 2622 lll.
485 2571 570 2636 22,
601 2571 684 2622 53.

248 2669 348 2731 16.
392 2673 475 2724 37.
515 2673 771 2724 Militiam
795 2690 936 2737 vero,
959 2675 1025 2724 im
1045 2672 1200 2724 Sinne,

180 2758 281 2794 von
295 2743 383 2794 Ad
404 2740 670 2793 m.il.'vero
696 2742 843 2808 quod
865 2747 1084 2806 attinet,
1115 2744 1197 2793 ein

180 2813 303 2863 sehr
325 2811 619 2874 auffiilliges
631 2809 917 2861 Anakoluth
932 2811 1025 2874 (da
1050 2811 1201 2862 nach-

182 2883 277 2932 her
309 2881 401 2930 mit
439 2882 621 2930 nostri
654 2883 924 2929 accercitus
958 2879 1040 2930 die
1067 2879 1201 2929 Con-

21 2988 22 3009 }
119 3000 123 3005 ,
181 2942 433 3001 struction
458 2963 587 3013 ganz
614 2964 711 2999 neu
736 2947 971 3012 anheht)‚
1015 2944 1084 2998 ist
1110 2948 1200 2998 da-

181 3019 343 3069 durch
361 3034 426 3068 zu
443 3017 699 3079 erkl’dren,
729 3016 847 3066 dass
873 3017 1077 3067 militia
1101 3033 1199 3067 von

154 3093 432 3138 mauram
491 3084 758 3135 attrahirt‘
790 3086 874 3140 ist,
951 3085 1198 3138 Aehnlieh

182 3156 313 3206 oben
339 3154 379 3206 1.
407 3156 494 3219 24,
524 3156 620 3204 56:
660 3158 898 3205 animum
921 3159 1117 3220 ipsum.

383 3257 471 3305 en,
519 3239 759 3293 Lambins
796 3240 1037 3292 treffliche
1073 3241 1202 3292 Ver-

178 3309 463 3373 hesseruug
506 3308 588 3359 fiir
624 3310 715 3359 das
756 3309 976 3360 sinnlose
1014 3310 1202 3361 admo-

182 3380 311 3430 dum
337 3378 428 3428 der
452 3379 598 3428 codd.

251 3465 327 3516 ad
352 3467 567 3527 tibiam,
607 3464 744 3514 nicht
769 3463 843 3514 ad
868 3464 1070 3526 tabam,
1101 3463 1199 3513 wie

180 3533 266 3585 bei
309 3534 407 3584 den
441 3534 634 3583 andern
657 3530 903 3583 Viilkern.
941 3530 1102 3583 Thuc.
1130 3529 1193 3583 V.

182 3600 281 3654 70:
333 3595 780 3671 Λακεδαιμόνιοι
815 3598 1061 3672 βραδέως
1105 3601 1201 3650 καὶ

178 3666 293 3721 ὑπὸ
330 3665 583 3736 αὐλητῶν
618 3670 836 3721 πολλῶν
859 3663 1013 3739 νόμῳ
1037 3667 1201 3735 ἐγκα-

178 3733 488 3798 θεστιότων
513 3767 577 3777 —-
604 3738 696 3791 ἵνα
766 3733 990 3810 ,ὁμαλῶς
1055 3733 1201 3806 μετὰ

179 3808 405 3880 ῥυθμοῦ
486 3811 771 3874 βαίνοντες
855 3807 1197 3879 προέλθοιεν,

178 3879 277 3928 καὶ
339 3874 419 3947 μὴ
480 3876 866 3943 διασπασθείη
901 3870 1113 3934 „adroic
1169 3870 1203 3938 ἦ

181 3940 352 4006 τάξις.
937 3970 948 3979 ⁴

1370 2436 1681 2499 anapaestis
1702 2429 1946 2498 pedibas.
1988 2431 2171 2484 Solche
2196 2448 2321 2487 ana-

1300 2501 1556 2569 piistische
1579 2497 1773 2553 κελεύσ
1819 2518 1925 2551 ata
1940 2501 2051 2552 sind
2078 2518 2172 2553 uns
2193 2504 2320 2554 noch

1271 2570 1274 2576 '
1301 2571 1551 2634 erhalten,
1590 2589 1640 2621 z.
1668 2571 1724 2621 B.
1762 2565 1950 2637 Ays‘c’,
1980 2561 2023 2620 ὦ
2047 2564 2323 2652 Σπξιᾶρτας

1301 2637 1524 2693 ἔνοπλοι
1569 2641 1756 2711 κοῦροι
1803 2640 1938 2688 ποτὶ
1986 2633 2087 2689 τὰν
2125 2642 2323 2709 Αρεως

1300 2709 1538 2759 κίνασιν.
1580 2726 1581 2731 ’
1904 2756 1911 2759 .

1371 2778 1469 2842 qui
1514 2778 1706 2842 labor,
1774 2781 2010 2842 quantus
2060 2779 2314 2840 agminis,

1303 2844 1588 2907 steigernd:
1671 2843 1903 2909 „welche
1963 2845 2321 2909 Austrengung

1302 2913 1613 2979 iiberhaupt,
1664 2913 1763 2962 wie
1801 2927 1974 2976 grosse
2014 2913 2185 2963 zumal
2233 2914 2328 2965 auf

1302 2982 1414 3032 dem
1437 2979 1670 3033 Marsche
1686 2982 1746 3030 !“

1371 3051 1576 3101 cibaria
1587 3089 1604 3114 ,
1635 3050 1760 3101 nach
1789 3042 2024 3103 casar‘b.
2044 3053 2152 3104 civ.
2183 3051 2224 3104 1.
2256 3054 2320 3104 78

1301 3119 1386 3170 fiir
1398 3114 1636 3184 22‘Tage,
1666 3119 1779 3172 Liv.
1797 3119 1982 3172 XLIV.
2012 3122 2042 3171 2
2063 3121 2148 3172 ffir
2171 3122 2321 3174 einen

1212 3207 1215 3210 ’
1300 3185 1494 3240 Monat.

1361 3258 1491 3323 plus
1517 3286 1580 3295 —-
1607 3276 1770 3325 quam
1804 3258 1890 3309 fiir
1921 3263 2097 3325 magis
2133 3276 2315 3326 quam,

1300 3326 1399 3376 wie
1413 3325 1702 3378 Phil.X111.
1721 3330 1783 3377 4:
1821 3343 1907 3377 me
1932 3332 2042 3378 eius
2071 3329 2319 3391 beneficio
2412 3328 2443 3381 ,⁸

1294 3396 1424 3462 plus
1449 3412 1612 3463 quam
1633 3412 1743 3462 pro
1766 3398 1913 3446 virili
1927 3402 2094 3463 parte
2120 3397 2322 3462 obliga-

1303 3470 1421 3525 tum
1452 3471 1592 3534 puto
1604 3484 1624 3525 ‚-
1659 3480 1715 3514 so
1740 3465 2018 3515 besonders
2054 3480 2161 3515 non
2191 3465 2320 3531 plus
2386 3512 2391 3517 ,

1299 3560 1370 3570 -
1396 3549 1587 3599 quam,
1617 3548 1666 3583 z.
1697 3534 1754 3582 B.
1783 3534 1846 3583 ad
1872 3532 1982 3584 Att.
2010 3532 2075 3584 11.
2109 3534 2130 3583 1
2160 3534 2316 3584 med.:
2370 3546 2379 3557 “

1308 3603 1562 3654 Catonem
1599 3616 1703 3673 non
1745 3607 1807 3652 tu
1832 3617 1985 3652 amas
2002 3604 2132 3669 plus
2158 3616 2323 3669 quam

1305 3686 1421 3736 ego.
1950 3684 1955 3695 “

1373 3738 1460 3789 38.
1502 3742 1719 3805 emper&
1751 3754 1971 3802 sumus,
2014 3739 2080 3788 im
2105 3737 2325 3803 Biirger-
2386 3748 2399 3771 ¹
2474 3786 2490 3793 -

1303 3807 1510 3871 itt-iege,
1547 3823 1625 3856 wo
1664 3807 1753 3858 des
1776 3806 2047 3874 Pompejus
2083 3824 2181 3858 neu
2205 3822 2325 3859 aus-

1306 3876 1563 3943 gehobene
1601 3875 1835 3944 Truppeu
1871 3891 1972 3950 von
2010 3875 2198 3928 Ciisars
2222 3875 2324 3929 Ve-

1305 3952 1515 3999 teranen
1539 3945 1696 4001 leieht
1722 3946 2032 4027 *geschlagen
2055 3946 2284 4000 wurden.
