2784 4534
395 253 512 316 138
1092 262 1335 314 LIBER
1368 261 1456 313 111.
1491 262 1574 328 18,
1605 261 1691 315 42.
1722 260 1809 313 43.

557 423 707 485 Sunt
737 422 880 486 h'aec
909 433 1014 485 tua
1042 422 1226 485 verba
1256 443 1482 487 necne.
1463 424 1491 466 ⁷
1547 421 1613 485 ln
1645 442 1715 484 eo
1748 421 1980 504 quidem
2011 419 2198 497 libro,
2235 421 2339 504 qui·
2364 441 2509 483 con-

383 509 536 572 tinet
577 530 811 572 omnem
856 508 1219 592 disciplinam
1268 519 1431 571 tuam
1499 509 1740 591 (fungar
1795 507 1952 570 enim
2005 507 2123 569 iam
2161 507 2511 590 interpretis

385 615 669 672 munere,
700 616 774 658 ne
805 597 962 677 quis
967 615 1060 657 me
1092 604 1255 678 putet
1284 596 1579 678 fingere),
1617 593 1763 656 dicis
1795 593 1972 656 haec.
2028 591 2205 670 „Nec
2237 593 2512 675 equidem

385 680 607 758 habeo,
645 681 798 764 quod
828 680 1155 763 intelligam
1185 680 1405 744 bonum
1435 680 1615 756 illud,
1666 678 1982 742 detrahens
2014 699 2114 742 eas
2144 678 2506 762 voluptateS,

383 787 533 848 quae
565 787 776 851 sapore
807 766 1212 851 percipiuntur
1229 813 1247 843 ,
1304 765 1620 829 detrahens
1651 787 1787 841 eas,
1823 785 1969 848 quae
2002 765 2201 829 auditu
2234 774 2294 828 et
2323 766 2514 828 canti-

383 852 532 929 bus,
568 852 885 916 detrahens
917 873 1019 916 eas
1052 854 1229 916 etiam
1249 898 1267 930 ,
1320 871 1470 936 quae
1501 872 1582 914 ex
1610 851 1817 915 formis
1861 851 2262 935 percipiuntur
2292 850 2506 930 ocuIiS,

384 958 600 1004 suaves
644 939 977 1019 motioneS,
1040 940 1171 1004 sive
1230 958 1379 1021 quae
1424 938 1576 1000 aliae
1622 936 2011 1019 voluptates
1996 959 2059 999 ιιι
2100 946 2228 999 toto
2273 935 2511 999 homine

384 1024 712 1122 gignuntur
741 1023 1004 1107 quolibet
1034 1045 1236 1087 sensu.
1285 1024 1412 1087 Nec
1443 1044 1589 1087 vero
1621 1024 1725 1087 ita
1735 1022 1851 1086 dici
1874 1033 2107 1107 potest,
2141 1023 2357 1086 mentis
2389 1023 2513 1085 lae-

384 1109 577 1171 titiam
608 1109 796 1173 solam
828 1129 962 1175 esse
991 1110 1055 1172 in
1083 1110 1280 1174 bonis.
1372 1110 1719 1173 Lactantem
1751 1109 1909 1171 enim
1940 1119 2198 1172 mentem
2230 1108 2315 1171 ita
2329 1109 2508 1206 novi,

386 1215 490 1293 spe
538 1215 743 1257 eorum
789 1195 1088 1273 omnium,
1123 1216 1285 1278 ·quae
1331 1216 1513 1279 supra
1543 1195 1705 1272 dixi,
1754 1197 1918 1271 fore,
1967 1205 2033 1258 ut
2061 1203 2277 1258 natura
2301 1194 2378 1257 iis
2401 1217 2514 1293 po-

287 1291 353 1341 42
385 1280 542 1344 tiens
587 1280 791 1347 dolore
834 1280 1055 1344 careat.
1070 1290 1115 1320 “
1215 1280 1411 1363 Atque
1457 1280 1600 1344 haec
1630 1281 1863 1363 q'uidem
1902 1241 2000 1342 his
2030 1279 2268 1356 verbiS,
2318 1280 2514 1363 quivis

358 1376 451 1428 ut
490 1366 822 1449 intelligat,
874 1387 1043 1450 quam
1076 1367 1436 1466 voluptatem
1481 1367 1642 1430 norit
1670 1367 1984 1451 Epicurus.
2062 1366 2287 1430 Deinde
2316 1366 2514 1449 paullo

384 1452 576 1535 infra.
628 1451 868 1536 „Saepe
915 1453 1218 1534 quaesivi,
1267 1448 1492 1535 inquit,
1544 1474 1624 1517 ex
1653 1452 1767 1530 iis,
1816 1452 1915 1535 qui
1946 1451 2388 1535 appellabantur
2418 1474 2515 1517 sa-

389 1537 661 1621 pientes
703 1538 841 1621 quid
871 1538 1192 1614 haberent,
1244 1539 1444 1621 quod
1426 1561 1489 1601 ιιι
1520 1537 1692 1601 bonis
1723 1538 2162 1621 relinquerent,
2200 1538 2252 1601 si
2280 1537 2385 1600 illa
2414 1538 2515 1600 de-

388 1622 754 1700 traxissent,
805 1624 923 1687 nisi
965 1624 1018 1689 si
1059 1624 1287 1687 vellent
1324 1645 1506 1687 voces
1548 1625 1757 1689 inanes
1803 1625 2084 1702 fundere3
2138 1622 2284 1685 nihil
2326 1623 2398 1685 ab
2440 1624 2515 1688 iis

388 1709 552 1793 potui
585 1731 985 1793 cognoscere,
968 1735 984 1750 ·
1029 1710 1133 1809 qui
1175 1712 1226 1774 si
1268 1711 1523 1774 virtutes
1567 1710 1815 1775 ebullire
1844 1711 2050 1773 volent
2079 1719 2140 1772 et
2168 1709 2511 1794 sapientiaS,

389 1795 538 1861 nihil
567 1796 725 1859 aliud
755 1796 954 1859 dicent
984 1796 1102 1860 nisi
1134 1816 1261 1860 eam
1291 1796 1489 1872 viam,
1526 1817 1637 1878 qua
1670 1796 1994 1859 efficiantur
2023 1816 2129 1858 eae
2154 1795 2513 1894 voluptateS,

391 1903 535 1963 quas
569 1902 748 1966 supra
778 1882 924 1945 dixi.
937 1891 982 1921 “
1061 1882 1222 1961 Quae
1269 1892 1632 1965 sequuntur,
1682 1882 1745 1943 in
1789 1883 1993 1944 eadem
2026 1882 2320 1944 sententia
2353 1892 2511 1958 sunt,

394 1978 672 2050 totusque
701 1968 887 2045 liber,
941 1968 1040 2051 qui
1084 1978 1178 2030 est
1220 1970 1291 2030 de
1337 1989 1564 2031 summo
1595 1966 1791 2043 bono,
1836 1969 2093 2032 refertus
2140 1977 2200 2029 et
2227 1966 2428 2031 verbis
2461 1978 2520 2031 et

398 2054 712 2118 sententiis
744 2053 979 2118 talibus.
1105 2082 1110 2087 ·

292 2148 359 2199 43
559 2138 650 2201 Ad
698 2139 946 2202 hancine
998 2138 1184 2222 igitur
1215 2138 1409 2200 vitam
1441 2138 2031 2203 Telamonemillum
2062 2139 2372 2205 revocabis
2392 2186 2409 2216 ,
2458 2150 2523 2201 ut

389 2223 558 2289 leves
590 2224 1061 2322 aegritudinem?
1106 2234 1165 2288 et
1193 2223 1247 2288 si
1277 2244 1450 2306 quem
1478 2235 1716 2287 tuorum
1747 2224 2023 2289 afflictum
2052 2244 2324 2289 maerore
2354 2225 2521 2288 vide-

394 2309 481 2374 ris
499 2356 516 2385 ,
553 2309 687 2373 huic
718 2309 1122 2392 acipenserem
1154 2309 1350 2393 potius
1382 2331 1555 2393 quam
1587 2310 1841 2393 aliquem
1864 2311 2227 2376 Socraticum
2258 2311 2520 2374 libellum

403 2394 612 2458 dabis?
668 2394 940 2479 hydrauli
988 2395 1300 2459 hortabere
1343 2407 1410 2459 ut
1451 2396 1651 2460 audiat
1678 2416 1859 2461 voces
1891 2398 2086 2481 potius
2118 2419 2292 2517 quam
2322 2397 2522 2460 Plato-

395 2550 526 2600 sicht
549 2551 742 2610 reiben‚
758 2566 840 2601 um
857 2551 939 2602 die
956 2550 1315 2602 Schaamrothe
1343 2570 1409 2602 zu
1514 2545 1842 2603 bioneanimt
1852 2554 2166 2616 elationem5
2189 2555 2295 2618 vgl.
2313 2553 2399 2606 lV.
2436 2555 2519 2620 11,

394 2620 715 2684 vertreiben3
755 2621 942 2672 daher.
988 2620 1078 2671 das
1104 2620 1410 2685 Schaamge-
1513 2622 1596 2672 26.
1912 2639 1928 2653 ι

398 2687 507 2739 fuhl
532 2689 766 2753 ablegen.
1563 2692 1702 2757 sore
1756 2697 1824 2741 ut
1843 2717 1910 2730 -
1936 2699 2122 2743 careat
2181 2692 2339 2758 hiingt
2395 2692 2522 2742 noch

462 2759 523 2808 In
550 2760 859 2823 εο-ὸῐίῠνο,
890 2760 1021 2826 περὶ
1038 2761 1221 2818 τέλους
1240 2760 1291 2826 (ξ
1306 2760 1406 2810 42:

396 2826 461 2877 dc
484 2843 691 2879 summo
717 2829 897 2893 bono).
967 2828 1062 2880 Die
1087 2828 1245 2880 Stelle
1273 2829 1408 2880 hiess

398 2896 524 2944 nach
550 2897 732 2946 Athen.
760 2896 872 2948 VII.
916 2915 966 2973 p.
1007 2899 1136 2949 280:
1182 2891 1262 2950 Οὐ
1301 2893 1410 2980 γὰρ

398 2961 570 3044 ἔγωγε
597 2957 881 3047 νδύναμαι
897 2957 1097 3046 νόῆσαι
1138 2961 1438 3047 τάγαθὸν,

396 3026 656 3114 ἀφαιρῶν
688 3031 794 3101 μὲν
824 3029 922 3091 τὰς
944 3029 1039 3084 διὰ
1070 3035 1313 3115 χυλῶνη
1292 3030 1411 3086 ‘150-

396 3094 513 3160 νάς,
552 3095 831 3183 ἀφαιρῶν
845 3099 906 3152 δὲ
942 3097 1039 3159 τὰς
1073 3097 1142 3152 δι’
1162 3052 1414 3185 ἀφροδι-

401 3173 566 3230 σίων,
607 3164 891 3253 ἀφαιρῶν
889 3168 950 3220 δὲ
988 3166 1085 3228 τὰς
1109 3166 1177 3221 δι’
1208 3189 1413 3253 ακροα-

395 3233 622 3321 μοὲτων,
667 3234 943 3323 ἀφαιρῶν
949 3237 1010 3290 δὲ
1034 3234 1132 3297 τὰς
1155 3234 1249 3290 δια
1258 3258 1412 3322 μορ-

399 3325 551 3498 Χέεςέ
557 3277 1134 3429 aezdztligliple’be'dgdtobsei
1150 3318 1408 3444 κῦῗξὲεῗ.

469 3517 641 3566 solam
676 3532 789 3566 esse
822 3519 878 3566 in
917 3517 1090 3580 bonis,
1130 3517 1230 3567 fiir
1236 3518 1410 3568 solam

401 3601 514 3635 esse
532 3601 637 3652 pro
665 3587 797 3635 bono
823 3585 1134 3650 habendam,
1178 3587 1411 3638 uachliis—

403 3655 542 3719 siger
564 3652 849 3704 Ausdruek.

470 3722 789 3774 Lactantem
813 3751 879 3761 —
904 3726 986 3775 tta
1023 3723 1170 3775 weist
1208 3725 1301 3775 auf
1320 3726 1411 3776 das

404 3789 525 3857 folg.
577 3807 669 3859 spe
716 3807 899 3843 eorum
947 3798 1206 3856 omnium,
1275 3810 1414 3860 quae

403 3876 571 3926 supra
607 3860 753 3925 dioet,
806 3862 920 3926 hin3
971 3863 1068 3912 wie
1107 3861 1193 3913 lV.
1232 3861 1407 3925 6,13;

403 3927 724 3995 (laetitiam)
748 3935 829 3982 ita
855 3932 1146 3995 definiunt:
1185 3934 1299 3982 sine
1322 3947 1414 3982 ra-

1509 2774 1608 2809 von
1643 2776 1737 2826 spe
1762 2760 1824 2810 ab
1841 2798 1854 2825 ,
1892 2761 1961 2810 ist
1985 2762 2092 2810 also
2118 2761 2199 2811 die
2224 2760 2521 2826 Epexegese

1508 2844 1607 2878 von
1634 2845 1818 2880 eorum
1845 2834 2080 2880 omnium
2105 2838 2207 2883 etc.

1579 2898 1666 2948 42.
1705 2899 2118 2949 norit=dicat.
2158 2898 2222 2949 So
2250 2900 2311 2951 de
2337 2899 2424 2949 fin.
2455 2897 2522 2950 ΙΙ.

1511 2966 1562 3029 3,
1591 2967 1653 3016 8:
1691 2969 1863 3019 verbis
1899 2968 1981 3018 his
2007 2968 2223 3019 eandem
2251 2973 2395 3018 certe
2416 2971 2524 3017 vim

1510 3030 1811 3103 voluptatis
1840 3037 2138 3103 'Epicurum
2176 3053 2327 3089 nosse
2356 3051 2522 3103 quam

1515 3110 1737 3156 ceter-03.

1580 3188 1729 3224 voces
1776 3177 1960 3225 manes
1991 3175 2261 3241 sundere,
2325 3174 2519 3239 griech.
2526 3188 2539 3193 ’

1512 3237 1642 3292 κενὰ
1668 3234 2064 3310 φθέγᾘεσθαι
2097 3241 2161 3294 V.
2189 3245 2273 3308 26,
2301 3244 2361 3293 73
2403 3247 2524 3293 ina-

1513 3327 1603 3362 nes
1640 3327 1799 3376 sonos
1821 3312 2091 3378 sundere,-
2127 3313 2187 3364 de
2213 3314 2299 3364 fin.
2340 3312 2520 3377 11.15,

1510 3381 1576 3431 48
1601 3384 1754 3431 inani
1772 3397 1897 3432 voce
1918 3397 2132 3432 sonare.

1581 3450 1818 3501 ebullire.
1854 3448 1973 3501 Wu-
1999 3465 2154 3515 sagea
2173 3486 2185 3500 .
2225 3451 2362 3513 „mit
2385 3449 2519 3500 Etw.

1510 3534 1593 3569 um
1619 3518 1726 3569 sich
1752 3518 2010 3569 werfen“.
2050 3518 2115 3569 So
2141 3520 2203 3570 de
2227 3519 2314 3570 fin.
2341 3518 2407 3570 V.
2433 3519 2520 3583 27,

1514 3588 1611 3638 80:
1684 3588 1909 3639 Dixerit
1961 3589 2253 3655 Epicurus,
2315 3603 2525 3654 semper

1517 3656 1730 3707 beatum
1750 3673 1860 3707 esse
1880 3657 2394 3724 sapientem-quod
2408 3660 2524 3723 qui-

1516 3725 1634 3775 dem
1678 3725 1819 3777 solet
1853 3727 2071 3777 ebullire
2104 3740 2523 3791 nonnumquam.

1581 3797 1811 3845 virtutes
1848 3800 1904 3845 et
1930 3798 2258 3862 sapimtias;
2293 3794 2385 3844 der
2406 3792 2526 3842 Plu-

1514 3862 1622 3927 ral,
1660 3850 1779 3914 weil
1813 3863 1887 3914 sie
1913 3862 1991 3914 Tu
1993 3863 2121 3929 gend
2145 3864 2246 3914 und
2268 3860 2524 3913 Weisheit

1514 3930 1977 3983 fortwiihrend
2019 3932 2087 3983 im
2111 3929 2293 3983 Munde
2320 3930 2520 3981 ffihren.
