2784 4534
367 284 376 290 ·
415 269 538 333 146
1117 275 1371 330 LIBER
1400 275 1487 327 111.
1519 275 1606 341 24,
1641 275 1726 328 58.
1759 275 1844 327 59.

415 436 744 520 etquidem
774 446 1019 520 propter
1045 435 1110 497 id
1138 426 1344 518 ipsum
1362 435 1701 512 beatiores,
1738 453 2061 516 eorumque
2080 480 2097 511 ,
2133 432 2234 516 qui
2263 432 2570 515 {aivam

415 523 604 591 otium
632 521 891 605 negotiis
922 520 1173 604 publicis
1203 522 1616 585 antetulerunt
1633 565 1651 596 ,
1701 520 2053 609 nominatim
2101 519 2231 582 vita
2258 517 2566 596 laudatur,

414 629 528 677 neo
558 608 773 673 siletur
800 605 947 670 illud
977 606 1377 690 potentissimi
1408 606 1571 691 regis
1602 616 1989 690 anapaestum
2012 651 2030 682 ,
2078 605 2182 687 qui
2225 603 2427 666 laudat
2467 622 2572 667 se-

327 739 331 743 ·
416 713 555 759 nem
587 703 648 757 et
676 694 1046 759 fortunatum
1074 712 1210 757 esse
1242 691 1419 768 dicit,
1457 692 1611 775 quod
1632 691 1936 775 „inglorius
1968 692 2048 769 sit
2076 701 2253 773 atque
2283 687 2573 772 ignobilis

241 774 262 787 “
319 788 384 840 58
415 779 494 843 ad
547 798 892 862 supremum
951 777 1106 841 diem
1158 787 1582 861 perventurus.
1677 777 1969 846 Similiter
2025 773 2573 840 commemorandis

417 864 714 948 exemplis
741 863 1029 929 orbitates
1061 884 1295 946 quoque
1328 863 1583 927 liberum
1614 863 2055 947 praedieantur,
2088 880 2441 944 eorumque,
2463 858 2571 941 qui

422 950 668 1034 gravius
698 950 899 1013 ferunt
918 994 935 1024 ‚
972 948 1166 1023 luctus
1200 949 1456 1013 aliorum
1488 949 1782 1032 exemplis
1815 949 2153 1025 leniuntur3
2202 946 2293 1012 sie
2321 965 2571 1030 perpes·

418 1036 515 1101 sio
542 1045 880 1098 eeterorum
913 1034 1080 1110 facit,
1113 1045 1179 1098 ut
1211 1054 1304 1110 ea,
1327 1054 1479 1116 quae
1508 1035 1855 1111 acciderint,
1891 1033 2077 1098 multo
2095 1033 2352 1108 minora,
2387 1051 2566 1113 quam

419 1129 640 1202 quanta
669 1119 791 1184 sint
821 1118 1202 1196 existimata,
1237 1120 1576 1182 videantur.
1640 1119 1730 1184 Ita
1770 1120 1836 1182 fit
1878 1119 2106 1184 sensim
2137 1116 2565 1202 cogitantibus,

418 1216 518 1281 ut,
554 1214 844 1286 quantum
873 1203 954 1267 sit
985 1200 1270 1269 ementita
1300 1198 1505 1287 opinio
1524 1251 1543 1281 ,
1580 1216 1884 1289 appareat.

589 1290 930 1371 Atque7hoe
955 1289 1113 1352 idem
1145 1299 1206 1353 et
1237 1290 1488 1353 Telamo
1519 1290 1623 1353 ille
1654 1291 1953 1378 declarat:

542 1408 552 1418 =
752 1368 899 1457 Ego
932 1395 1117 1461 quum
1145 1380 1381 1460 genui,
1466 1422 1481 1437 .
1538 1422 1552 1438 .
1609 1422 1623 1437 .

420 1459 820 1525 etTheseusz

437 1598 444 1607 .
750 1544 1032 1609 Futaeiras
1062 1567 1291 1609 meeum
1324 1545 1789 1611 commentabar
1817 1543 2131 1621 miserias,

419 1638 483 1691 et
520 1627 953 1713 Anaxagoras:
1027 1628 1311 1693 Sciebam
1356 1646 1465 1695 me*
1490 1637 1787 1716 genuisse
1830 1634 2177 1695 mortalem.
2271 1631 2346 1693 Hi
2406 1629 2568 1694 enim
2646 1712 2661 1718 ἱ

422 1735 632 1781 omnes
677 1714 778 1777 diu
821 1714 1151 1798 cogitantes
1200 1715 1270 1778 de
1299 1715 1481 1780 rebus
1514 1717 1790 1782 humanis
1818 1717 2271 1800 intelligebant,
2324 1736 2427 1779 eas
2458 1735 2571 1778 ne-

418 1820 712 1883 quaquam
741 1820 852 1882 pro
881 1800 1163 1883 opinione
1192 1802 1358 1900 vulgi
1390 1822 1527 1876 esse
1561 1804 2061 1868 extimescendas.
2097 1812 2101 1817 '
2141 1802 2217 1866 Et
2257 1801 2407 1888 mihi
2433 1801 2569 1885 qui-

415 1886 549 1951 dem
578 1885 819 1951 videtur
846 1885 1006 1951 idem
1037 1885 1165 1951 fem
1196 1888 1468 1951 accidere
1499 1888 1576 1952 iis
1597 1934 1615 1965 ,
1663 1890 1761 1971 qui
1792 1901 1932 1952 ante
1964 1888 2359 1964 meditantur,
2407 1888 2569 1971 quod

414 1970 527 2048 iis,
575 1970 787 2053 quibus
817 1971 1091 2047 medetur
1120 1970 1247 2035 dies
1267 2018 1284 2048 ,
1334 1973 1455 2036 nisi
1487 1975 1643 2055 quod
1686 1975 1843 2037 ratio
1875 1974 2162 2057 quaedam
2190 1984 2365 2039 sanat
2395 1973 2564 2051 illos,

414 2055 525 2121 hos
566 2056 699 2140 ipsa
739 2066 991 2133 natura,
1036 2056 1340 2121 intellecto
1383 2079 1491 2134 e0‚
1544 2060 1698 2141 quod
1744 2080 1872 2122 rem
1916 2060 2215 2142 eontinet,
2239 2058 2410 2122 *illud
2438 2080 2569 2122 ma—

416 2140 539 2205 lum
559 2187 576 2218 ,
601 2192 606 2195 »
628 2141 785 2223 quod
814 2140 1121 2223 opinatum
1150 2141 1232 2205 sit
1261 2161 1399 2206 esse
1430 2144 1757 2208 maximum
1781 2192 1797 2222 ‚
1849 2164 2221 2228 nequaquam
2264 2164 2401 2208 esse
2431 2155 2566 2215 tan-

316 2235 384 2287 59
415 2236 540 2289 tum
560 2271 577 2301 ‚
615 2237 681 2287 ut
710 2225 897 2287 vitam
926 2225 1159 2288 beatam
1189 2227 1383 2309 possit
1414 2241 1711 2305 evertere.
1806 2232 1930 2295 Hoc
1961 2231 2148 2315 igitur
2176 2229 2461 2308 efficitur,
2499 2241 2571 2294 ut

415 2330 500 2376 ex
524 2310 630 2375 illo
662 2310 1014 2393 necopinato
1047 2307 1442 2394 plaga‘lffiffir
1471 2314 1574 2393 sit,
1608 2337 1753 2393 non,
1790 2328 1856 2380 ut
1886 2316 1975 2380 illi
2005 2328 2235 2400 putant,
2261 2329 2347 2393 ut,
2382 2339 2564 2400 quum

416 2395 643 2461 duobus
689 2396 866 2478 pares
897 2417 1070 2463 casus
1103 2399 1452 2476 evenerint,
1502 2400 1554 2465 is
1602 2402 1778 2465 modo
1825 2403 2201 2487 aegritudine
2246 2402 2563 2479 afficiatur,

381 2533 394 2555 .
416 2482 510 2544 eui
539 2481 640 2543 ille
673 2481 1027 2565 necopinato
1060 2503 1233 2546 casus
1267 2485 1562 2549 evenerit.
1640 2486 1845 2571 Itaque
1877 2488 2157 2551 dicuntur
2195 2487 2466 2558 nonnulli
2498 2488 2565 2551 in

482 2695 807 2743 nominatim
883 2694 1021 2758 ,Jmit
1113 2692 1438 2745 Namennen-
1609 2697 1673 2747 de
1709 2700 1866 2748 rebus
1905 2699 2186 2761 Immanis,
2239 2698 2393 2747 niiml.
2435 2698 2569 2748 iiber

413 2761 612 2824 nung“.
1539 2766 1631 2817 das
1670 2766 2022 2830 mannigfache
2050 2764 2308 2831 Ungliiek‚
2348 2767 2439 2817 das
2463 2767 2564 2817 den

479 2829 621 2880 alud
643 2856 710 2867 —·
736 2836 1123 2897 anapaestum,
1166 2832 1306 2897 eigtl.
1333 2833 1437 2882 Ad·-
1537 2832 1813 2886 Mensehen
1838 2834 2021 2887 treffen
2046 2835 2200 2886 kann.

405 2896 573 2960 jectiv
588 2897 739 2959 (deun
767 2904 1149 2963 anapaesticus
1176 2900 1435 2952 brauehen
1607 2904 1754 2970 quod
1811 2919 1921 2954 rem
1974 2908 2245 2955 eontinet.-
2324 2905 2575 2968 „worauf

411 2970 530 3027 gute
547 2962 917 3027 Schriftsteller
932 2982 986 3016 so
1011 2967 1178 3032 wenig
1193 2969 1291 3018 wie
1315 2970 1433 3034 phi·
1536 2971 1679 3022 Alles
1729 2972 2048 3023 ankommt“.
2113 2972 2179 3023 So
2218 2971 2305 3022 IV.
2348 2973 2429 3037 10,
2459 2973 2559 3024 23:

412 3031 715 3096 losopkieus
753 3033 854 3081 und
883 3034 1277 3101 philologiens,
1326 3038 1432 3101 vgl.
1539 3056 1627 3104 ea,
1668 3057 1807 3107 quae
1840 3057 1954 3092 rem
1991 3038 2298 3102 eontinen‘t‚·
2333 3041 2421 3106 31,
2459 3041 2559 3091 65:
2662 3034 2667 3041 ”

410 3095 476 3149 Π.
523 3099 615 3163 16,
658 3100 722 3148 37
768 3104 881 3150 sine
928 3108 1241 3168 anapaestis
1281 3106 1435 3171 pedi·
1534 3124 1646 3158 una
1666 3125 1751 3159 res
1773 3109 1990 3160 videtur
2004 3125 2253 3161 caussam
2267 3114 2560 3161 continere.

411 3166 554 3233 bus),
585 3169 804 3233 ergiiuze
826 3184 1060 3220 carmen.
1087 3169 1432 3233 Agamemnon
1607 3181 1894 3243 opinatum
1915 3182 2009 3238 sit,
2037 3194 2081 3228 s.
2112 3195 2178 3229 zu
2207 3179 2290 3241 11,
2318 3178 2405 3231 24.

410 3237 604 3303 spx-ioht
626 3235 805 3304 Eurip.
836 3236 942 3303 lph.
970 3238 1088 3287 Aul.
1124 3240 1217 3289 15:
1607 3246 1693 3296 59.
1733 3251 1801 3296 ut
1822 3247 1913 3296 illi
1927 3253 2169 3313 putant,
2207 3246 2564 3316 die'Cyreiiai-

825 3334 894 3343 --
917 3306 1077 3369 Ζηλῶ
1106 3319 1184 3368 σε,
1211 3310 1390 3380 γέρον.
1492 3321 1502 3330 “
1532 3315 1659 3378 ker3
1700 3330 1744 3365 s,
1773 3314 1860 3379 22,
1891 3317 1976 3369 52.

440 3372 603 3438 Ζηλῶ
628 3368 676 3423 δ’
707 3369 929 3445 ἀνδρῶν
953 3366 1012 3430 ὃς
1038 3369 1337 3429 ἀκίνδυνον
1601 3379 1703 3439 25.
1752 3384 2069 3446 Carneades,
2106 3400 2147 3433 s.
2181 3385 2267 3449 22,
2298 3387 2379 3436 54.

438 3445 579 3494 Βίον
603 3438 883 3511 ἐξεπέρασ)
919 3437 1115 3524 ἆγζώς,
1145 3439 1356 3519 duxistis,
1600 3451 1754 3502 video
1818 3452 1942 3516 „ich
2001 3452 2134 3505 finde
2193 3454 2267 3518 (in
2318 3454 2410 3504 der
2457 3452 2559 3505 Ge-

446 3505 588 3568 Τοὺς
611 3505 659 3561 δ’
688 3509 750 3562 ἐν
773 3515 960 3580 τιμαῖς
983 3524 1157 3577 ησσον
1183 3515 1340 3580 ζηλῶ.
1531 3520 1756 3571 sohiehte
1777 3520 1857 3572 od.
1876 3520 2165 3572 Litteratur
2181 3522 2557 3590 iiberhaupt)“.

476 3581 560 3631 58.
600 3581 831 3631 liberum
844 3598 865 3641 ;
900 3580 1123 3633 dieselbe
1148 3582 1326 3634 Form:
1369 3585 1424 3650 9,
1531 3587 1600 3639 So
1637 3587 1723 3640 lV.
1767 3590 1815 3654 3,
1857 3591 1918 3640 5:
1979 3591 2274 3656 Diogenem
2317 3597 2381 3642 et·
2423 3591 2565 3642 Gar-

406 3647 471 3699 20
1527 3657 1750 3710 neadem
1817 3659 1968 3710 m'deo
1992 3687 2062 3698 -·-
2082 3663 2278 3710 missos
2315 3676 2439 3710 esse
2486 3660 2552 3710 le-

470 3718 561 3769 Ita
592 3718 681 3778 ,fit
715 3722 837 3782 ete„
900 3717 1298 3788 Umschreibung
1338 3722 1426 3773 fiir
1525 3731 1724 3792 ὅπως
1783 3726 1868 3791 22,
1911 3730 2008 3778 5οε
2059 3727 2209 3793 video
2259 3734 2559 3794 utrumque

401 3785 492 3837 lta
518 3788 888 3852 cogitantibus
912 3794 1108 3840 sensim
1133 3798 1388 3857 apparet.
1529 3795 1779 3845 cecidisse
1789 3814 1809 3859 ,-
1848 3798 1934 3860 37,
1964 3797 2057 3846 79:
2088 3803 2154 3847 ut
2176 3792 2559 3863 Alexandrum

474 3853 689 3906 Telamo
714 3854 824 3920 ille,
852 3871 896 3907 s.
915 3857 996 3921 13,
1027 3858 1123 3921 283
1157 3858 1422 3912 Theseus.-
1526 3864 1784 3914 vidernus.
1849 3864 1916 3914 So
1954 3865 2083 3915 wird
2117 3865 2249 3916 auch
2282 3865 2379 3916 das
2403 3863 2551 3918 Priis.

406 3920 489 3985 14,
519 3922 616 3986 29;
652 3924 1052 3991 Anaxagoras:
1094 3928 1177 3992 14,
1207 3930 1291 3979 30.
1335 3955 1351 3993 3
1529 3932 1692 3981 audio
1717 3932 1825 3994 (fiir
1849 3934 2050 4001 accepi)
2080 3950 2178 3985 von
2196 3934 2551 3999 deltienen‚
