2784 4534
1092 242 1365 367 sumen
1400 292 1488 345 ιν.
1518 293 1570 360 2,
1599 296 1652 344 4.
2123 311 2156 336 κ
2271 296 2275 302 ·
2340 287 2467 357 163
2571 311 2579 339 r

302 462 753 552 cognoscerent
789 451 1074 535 ,regisque
1121 451 1252 523 eius
1281 454 1644 536 aequitatem
1678 464 1740 529 et
1767 453 2125 552 sapientiam
2152 477 2191 518 a
2218 455 2465 521 maiori-

301 541 424 605 lms
452 539 579 605 suis
610 537 1018 620 accepissent,
1037 549 1294 603 aetates
1321 550 1523 603 autem
1555 549 1617 602 et
1646 550 1915 621 tempora
1944 538 2301 623 ignorarent
2324 562 2460 625 pro-

304 635 444 708 pter
471 635 878 691 vetustatem·
908 643 1067 698 eum,
1093 623 1206 707 qui
1235 625 1533 708 sapientia
1558 624 1914 705 excelleret,
1952 624 2325 709 Pythagorae
2357 648 2461 690 au-

308 706 566 777 ditorem
593 709 984 777 crediderunt
1010 708 1221 783 fuisse

488 881 570 944 Et
597 882 672 943 de
703 864 1060 949 coniectura
1077 879 1310 961 quidem
1344 866 1679 944 hactenus.
1711 856 1982 963 Vestigia
2011 834 2211 947 autem
2243 882 2458 966 Pytha·
2506 884 2553 953 2

305 986 631 1052 goreorum
676 986 1030 1062 quamquam
1075 965 1264 1028 multa
1293 965 1495 1049 colligi
1525 976 1806 1049 possunt,
1855 967 2058 1048 paucis
2102 978 2304 1033 tamen
2337 979 2464 1035 nte-

305 1074 482 1128 mur,
516 1050 796 1134 quoniam
828 1073 950 1114 non
979 1048 1039 1112 id
1071 1051 1269 1134 agitur
1298 1050 1410 1117 hoc
1438 1061 1732 1135 tempore.
1789 1051 1943 1121 Nam
1975 1048 2151 1135 quum'
2184 1053 2463 1119 carmini-

303 1136 422 1201 bus
454 1137 632 1200 soliti
662 1136 748 1200 illi
781 1157 918 1200 esse
950 1136 1225 1210 dicantur
1253 1147 1317 1198 et
1346 1147 1659 1235 praecepta
1699 1138 1988 1220 quaedam
2019 1139 2307 1202 occultius
2336 1149 2461 1203 tra-

307 1223 476 1285 dere
481 1233 547 1284 et
573 1233 811 1287 mentes
844 1243 988 1286 suas
1017 1243 1056 1284 a
1084 1222 1510 1306 cogitationum
1541 1223 1877 1287 intentione
1923 1233 2101 1293 cantu
2131 1223 2463 1307 fidibusque

306 1308 388 1372 ad
420 1308 908 1390 tranquillitatem
937 1307 1284 1371 traducere.
1317 1309 1731 1391 gravissimus
1778 1320 1989 1387 auctor
2016 1309 2080 1372 in
2113 1309 2457 1393 Originibus

304 1392 467 1455 dixit
483 1393 676 1492 Cato,
691 1414 916 1456 morem
949 1393 1103 1475 apud
1134 1393 1396 1457 maiores
1430 1393 1583 1457 hunc
1615 1395 1921 1478 epularum
1951 1394 2162 1472 fuisse,
2200 1407 2269 1458 ut
2296 1396 2464 1458 dein-

179 1548 196 1560 ,
303 1499 449 1561 ceps
467 1524 483 1555 ,
547 1479 648 1561 qui
692 1479 1083 1554 accubat-ent,
1149 1490 1436 1542 canerent
1481 1480 1553 1541 ad
1598 1479 1803 1545 tibiam
1851 1480 2167 1544 clarorum
2182 1481 2459 1547 virorum

299 1565 516 1631 Laudes
548 1575 724 1646 atque
752 1564 1072 1631 virtutes.
1126 1565 1221 1627 Ex
1269 1585 1383 1646 quo
1416 1565 1791 1648 perspicuum
1822 1576 1952 1643 est,
2003 1578 2065 1631 et
2094 1579 2304 1630 cantus
2334 1577 2460 1630 ιιιιιι

245 1670 250 1677 ·
299 1649 498 1715 fuisse
529 1651 848 1733 rescriptos
893 1670 1106 1712 vocum
1151 1650 1316 1713 sonis
1361 1660 1424 1712 et
1441 1651 1740 1715 carmina.
1837 1643 2203 1734 Quamquam
2234 1652 2293 1714 id
2314 1651 2454 1734 qui·
2511 1665 2546 1713 4

303 1727 447 1797 dem
478 1735 658 1799 etiam
700 1757 789 1799 xn
822 1736 1060 1798 tabulae
1092 1724 1438 1811 declarant,
1486 1736 1661 1798 condi
1707 1736 1828 1798 iam
1875 1747 1999 1799 tum
2041 1736 2280 1807 solitum
2325 1757 2460 1801 esse

301 1839 596 1891 carmen·
629 1822 783 1903 qnod
814 1842 892 1884 ne
922 1821 1138 1884 liceret
1166 1820 1299 1882 fieri
1330 1821 1404 1883 ad
1435 1819 1731 1887 alterius
1714 1821 2033 1898 iniuriam,
2071 1822 2207 1905 lege
2236 1841 2459 1886 sanxe-

299 1915 472 1971 runt.
550 1905 678 1971 Nec
723 1928 870 1971 vero
902 1906 1050 1970 illud
1098 1927 1219 1968 ιιοιι
1262 1905 1632 1969 eruditorum
1677 1918 2010 2005 temporum
2041 1908 2475 1990 argumentum‘

305 2001 405 2054 est
424 2037 441 2068 ,
489 1992 643 2075 quod
690 2003 750 2053 et
782 1993 1026 2055 deorum
1059 1991 1472 2074 pulvinaribus
1505 2002 1567 2054 et
1596 1992 1787 2075 epulis
1820 1992 2277 2074 magistratuum
2311 1993 2459 2056 fides

207 2110 216 2113 ,
303 2077 698 2161 praecinunt3
749 2078 903 2160 quod
943 2077 1249 2161 proprium
1283 2078 1413 2141 eius
1445 2078 1593 2154 fuit,
1646 2078 1717 2139 de
1750 2098 1865 2159 qua
1897 2078 2149 2163 loquor,
2197 2077 2460 2160 discipli-

299 2182 446 2227 nae.
540 2162 690 2226 Mihi
738 2163 970 2245 quidem
1034 2162 1214 2229 etiam
1272 2160 1450 2247 Appii
1510 2163 1684 2285 Caeci
1733 2183 2011 2240 carmen,
2073 2164 2229 2253 quod
2286 2163 2461 2229 valde

379 2364 438 2424 2.
480 2370 729 2434 Vestigia
789 2375 974 2419 aulem
1023 2336 1123 2418 etc.
1198 2368 1331 2419 Dass

303 2438 389 2488 die
411 2453 524 2487 -von
563 2437 744 2491 Cicero
781 2437 1172 2502 beigebrachten
1207 2436 1348 2504 Spu-

301 2522 398 2559 ren
437 2506 489 2556 in
527 2507 619 2556 der
653 2505 816 2556 Sache
840 2505 1018 2556 Nichts
1054 2506 1329 2570 heweisen,

297 2577 375 2626 ist
399 2575 557 2625 leicht
582 2574 914 2625 einzusehen.

373 2643 480 2707 illi,
511 2645 546 2694 i.
576 2659 624 2694 e.
653 2644 1000 2711 Pythagorei,
1041 2645 1109 2693 im
1134 2642 1332 2708 Gegen-

301 2720 418 2763 satz
468 2728 533 2762 zu
582 2713 693 2763 dem
742 2713 1144 2776 n‘achfolgenden
1183 2714 1333 2780 apud

300 2784 540 2831 maiores
570 2782 852 2845 (nostros).

380 2850 678 2899 occultius:
738 2850 834 2900 auf
881 2846 1023 2914 eine,
1093 2866 1188 2899 nur
1235 2851 1331 2900 den

299 2916 618 2983 vollstiindig
639 2917 1046 2982 Eingeweihten‚
1077 2918 1174 2969 den
1200 2917 1333 2969 Eso-

301 2985 557 3048 terikern‚
576 2987 713 3037 nicht
727 2989 853 3038 aber
875 2988 971 3037 den
988 2987 1330 3038 Exoterikern

297 3054 893 3113 verstiindlicbeWeise.
923 3055 1070 3121 Diog.
1102 3055 1163 3106 L.
1192 3055 1328 3106 vm.

229 3128 240 3143 ’
303 3125 404 3174 15.
448 3117 638 3190 ἔλεγόν
651 3136 720 3174 vs
745 3125 841 3175 καὶ
865 3122 918 3175 οἱ
942 3073 1097 3175 ἄλλοι
1123 3128 1330 3175 Πυθα-

297 3187 548 3276 ssiquos,
602 3188 683 3274 μὴ
730 3189 873 3244 εἶναι
923 3187 1063 3275 πρὸς
1112 3208 1332 3251 navias·

297 3256 496 3312 πάντα
519 3257 679 3343 ῥητά,
724 3278 797 3319 ως
821 3274 997 3328 φησιν
1034 3256 1329 3345 Ἀριστόξε-

295 3346 396 3386 νος
416 3327 476 3380 ἐν
501 3324 701 3399 δεκάτῃ
728 3328 1107 3382 παιδευτικῶν
1118 3325 1327 3411 νόμων.

376 3403 579 3447 mentes
618 3414 778 3458 suaa,
820 3400 912 3451 der
935 3399 1127 3463 Plural,
1155 3400 1254 3449 wie
1280 3417 1328 3452 c.

303 3467 855 3529 1‚1·nostrorum
912 3470 1188 3521 hominum
1252 3471 1331 3518 in·

294 3536 487 3602 genia.
1002 3587 1009 3597 „

371 3608 430 3653 in
474 3602 816 3668 Originibus,
857 3619 901 3652 s,
932 3620 997 3654 zu
1023 3603 1064 3655 1.
1093 3605 1145 3668 2,
1175 3606 1225 3668 3,
1253 3621 1331 3656 wo

301 3672 436 3735 auch
465 3668 693 3722 dieselbe
721 3668 852 3721 Sitte
879 3672 1114 3732 erwiihnt
1136 3673 1282 3724 wird.

375 3742 675 3804 rescriptos
725 3748 913 3791 vocum
947 3744 1131 3791 sonis.-
1195 3742 1333 3804 „den

302 3806 482 3860 Tonen
543 3810 635 3860 der
696 3808 905 3860 Stimme
964 3809 1336 3874 entsprechend

303 3877 575 3942 abgefasst
636 3876 705 3963 (d.
759 3878 809 3927 h.
863 3879 914 3928 in
973 3875 1191 3928 Noten
1249 3895 1337 3942 ge-

308 3946 536 4028 setzt)“.

1507 2371 1559 2419 4.
1597 2368 1703 2420 XII
1724 2372 1960 2423 tabulae.
2011 2370 2119 2421 Cic.
2150 2373 2212 2423 de
2234 2389 2340 2447 rep.
2370 2372 2459 2424 IV.

1441 2440 1534 2488 10.
1573 2438 1678 2489 XII
1701 2440 1918 2491 tabulae
1956 2454 2121 2506 quum
2152 2457 2461 2508 perpaucas

1437 2523 1535 2563 res
1550 2511 1728 2573 capite
1750 2512 2090 2571 sanxissent,
2132 2513 2189 2559 in
2215 2511 2295 2561 Ins
2322 2511 2467 2560 Itane

1437 2591 1648 2643 quoque
1704 2577 2050 2627 sanciendam
2101 2584 2460 2642 putaverunt,

1430 2648 1488 2695 si
1520 2649 1642 2711 quis
1680 2648 2070 2697 occentavisset
2101 2650 2209 2697 sive
2245 2661 2462 2701 carmen

1437 2713 1782 2774 condidisset,
1825 2713 1973 2777 qaod
1989 2715 2287 2776 infamiam
2296 2714 2462 2777 sace

1436 2786 1526 2832 ret
1531 2782 1887 2846 flagitiumve
1911 2781 2094 2830 alteri
2147 2781 2249 2831 Die
2270 2780 2459 2833 Worte

1437 2850 1527 2899 des
1564 2846 1810 2898 Gesetzes
1847 2847 2008 2899 selhst
2032 2851 2183 2910 (tab.
2215 2842 2355 2900 VIII.
2396 2850 2461 2899 de
2571 2867 2578 2875 ·

1437 2917 1670 2980 delictis)
1706 2914 1965 2966 lautessen:
2015 2916 2132 2969 SE!
2163 2916 2254 2983 (si)
2295 2917 2468 2983 QVE!

1439 2988 1461 3053 (
1502 2987 1579 3049 ai)
1606 2985 1910 3037 PIPVLOD
1938 2984 2222 3050 (convicto)
2252 2987 2462 3039 OOEN-

1482 3054 1651 3106 ASIT
1697 3053 2085 3106 CARMENVE
2126 3055 2464 3107 CONDISIT

1436 3123 1799 3188 (condiderit)
1844 3122 2037 3188 QVOD
2095 3125 2467 3177 HVFAMJAM

1433 3191 1693 3244 FACSIT
1723 3191 1979 3257 (fecerit)
2013 3192 2157 3243 FLA
2164 3192 2310 3243 GITI
2312 3192 2418 3244 OM
2418 3193 2458 3258 Q

1435 3260 1771 3324 ALTEREI,
1853 3259 2088 3313 FVSTE
2154 3260 2463 3311 FERITOD

1427 3331 1758 3396 (feriatur).
1834 3332 1849 3353 ‘

1508 3399 1730 3448 deorum
1799 3398 2172 3463 pulvinaribus
2257 3396 2464 3448 bezieht

1440 3468 1544 3517 sich
1572 3466 1666 3516 auf
1698 3467 1779 3516 die
1809 3467 2175 3529 lectisternia,
2219 3465 2270 3515 d.
2300 3465 2352 3515 h.
2381 3466 2463 3517 die

1439 3527 1766 3586 Gastmiihler
1805 3535 1896 3585 der
1932 3533 2142 3597 Gotter,
2190 3534 2354 3583 wohei
2380 3534 2461 3585 die

1440 3602 1833 3666 Gotterbilder,
1871 3602 1967 3653 auf
1987 3601 2191 3654 nissen
2240 3610 2460 3668 gestata,

1425 3670 1745 3739 ,symbolisch
1771 3671 1864 3720 mit
1888 3669 2039 3721 Theil
2065 3672 2297 3722 nahmen.

1508 3739 1851 3804 disciplinae,

1439 3809 1533 3860 le“
1510 3878 1717 3943 Appius
1770 3875 2027 3928 Claudius
2081 3876 2280 3927 Caecus
2331 3878 2466 3940 leste

1442 3947 1520 3996 als
1549 3945 1746 3995 Censor
1773 3946 1869 3995 310
1898 3960 1948 3993 v.
1980 3943 2102 3993 Chr.
2133 3943 2218 4021 die
2243 3949 2331 3996 via
2359 3947 2471 4011 Ap-

1981 4009 2092 4074 11*

1914 3739 2466 3823 ;,Philosophenschu5
