2784 4534
980 338 1499 405 L1ssnnvsza.
1561 287 1780 403 θηλῇ.
1841 340 1857 361 ·
2249 370 2254 379 .
2330 291 2465 399 ριέ,

304 499 811 587 sciplinae'fiaisti.
858 501 951 565 Ad
979 512 1042 565 te
1073 502 1467 586 confugimus,
1504 523 1541 565 a
1568 511 1631 563 te
1662 522 1833 584 opem
1864 500 2142 584 petimus,
2167 499 2286 562 -tihi
2316 522 2462 579 nos,

299 599 367 651 ut
394 597 572 653 antea
599 603 817 670 magam
849 608 932 650 ex
961 599 1129 671 parte
1147 634 1166 664 ,
1220 588 1309 653 sic
1339 604 1494 651 nunc
1535 587 1775 670 penitus
1818 596 2096 668 totosque
2125 584 2442 651 tradimus.

299 673 410 751 Est
451 683 651 739 autem
697 690 850 736 unus
893 673 1025 736 dies
1056 673 1208 753 bene
1248 685 1309 736 et
1341 693 1423 739 ex
1450 673 1786 756 praeceptis
1831 673 1950 737 tuis
1982 683 2150 735 actus
2182 672 2462 754 peccanti

298 758 734 823 immortalitati
761 760 1239 842 anteponendus.
1314 759 1500 824 Cuius
1531 758 1718 842 igitur
1746 756 1942 842 petius
1970 756 2184 839 opibus
2214 768 2468 823 utamur

303 856 482 926 quam
511 843 678 907 tuis?
710 865 861 926 quae
893 855 953 906 et
982 845 1144 908 vitae
1174 842 1667 927 tranquillitatem
1693 844 1909 926 largita
1938 842 2110 911 nobis
2138 854 2207 906 es
2239 852 2302 905 et
2329 852 2457 906 ter-⁴

188 971 195 975 -
296 949 502 992 rorem
546 929 758 999 mortis
791 930 1109 995 sustulisti.
1202 928 1289 1007 Ac
1317 928 1692 1014 philosophia
1721 917 2219 1012 quidem⁵tantum
2251 926 2443 1005 abest,
2507 941 2546 991 6

298 1025 366 1077 ut
393 1015 642 1098 proinde
662 1062 679 1092 ,
716 1036 787 1078 ac
818 1017 889 1079 de
917 1016 1225 1081 hominum
1257 1029 1350 1080 est
1376 1015 1504 1081 vita
1535 1016 1751 1079 merita
1770 1061 1786 1092 ,
1824 1015 2138 1089 laudetur,
2170 1023 2236 1075 ut
2265 1034 2300 1075 a
2331 1013 2455 1096 ple-

296 1100 500 1183 risque
529 1100 804 1185 neglecta
820 1147 839 1179 ,
872 1123 921 1167 .a
961 1101 1165 1167 multis
1198 1102 1378 1183 etiam
1424 1101 1821 1184 vituperetur.
1896 1099 2257 1182 Vituperare
2290 1099 2455 1180 quis-⁴

299 1206 478 1268 quam
506 1186 668 1250 vitae
712 1198 1020 1269 parentem
1066 1199 1125 1250 et
1172 1188 1283 1251 hoc
1309 1187 1633 1272 parricidio
1676 1208 1741 1252 se
1772 1186 2086 1268 inquinare
2118 1184 2366 1264 audet?
2395 1195 2460 1247 et

299 1280 425 1333 tam
454 1271 634 1355 impie
664 1271 937 1355 ingratus
969 1293 1141 1350 csse,
1177 1285 1407 1347 utveam
1440 1283 1703 1350 accuset,
1738 1294 1913 1355 quam
1942 1269 2146 1336 vereri
2178 1269 2444 1347 deberet,

239 1371 244 1377 ’
301 1356 484 1419 etiam
513 1357 567 1423 si
596 1358 1135 1442 minus,percipere
1165 1360 1504 1443 potuisset‘,P
1566 1360 1729 1435 Sed,
1766 1368 1833 1422 ut
1862 1358 2112 1440 opinor,
2153 1355 2250 1417 hic
2276 1376 2454 1418 error

299 1453 362 1504 et
406 1442 552 1506 haec
590 1444 974 1506 indoctorum
1018 1445 1233 1510 animis
1283 1447 1472 1509 offusa
1514 1444 1705 1529 caligo
1741 1455 1870 1520 est,
1936 1442 2092 1525 quod
2122 1451 2242 1504 tam
2274 1441 2453 1524 longe

294 1539 466 1590 retro
507 1528 812 1610 respicere
849 1548 970 1591 non
1015 1540 1270 1612 possunt
1312 1552 1424 1593 nec
1466 1550 1608 1606 eos,
1673 1552 1707 1593 a
1752 1529 1961 1611 quibus
1992 1528 2119 1591 vita
2149 1526 2455 1590 hominum

247 1698 253 1704 θ
297 1612 599 1676 instructa
628 1612 838 1695 primis
868 1613 984 1689 sit,
1020 1612 1207 1678 fuisse
1239 1608 1622 1698 philosophos
1654 1613 2042 1678 arbitrantur.

478 1781 665 1860 Quam
696 1802 825 1845 rem
866 1783 1341 1866 antiquissimam
1374 1805 1552 1866 quum
1595 1784 1904 1849 videamus
1928 1830 1945 1860 ,
1997 1803 2212 1878 nomen
2255 1795 2456 1849 tamen
2499 1785 2544 1855 3

298 1887 440 1932 esse
482 1868 833 1931 confitemur
877 1889 1113 1938 recens.
1197 1869 1359 1935 -Nam
1405 1869 1759 1953 sapientiam
1804 1868 2038 1951 quidem
2079 1869 2269 1952 ipsam
2315 1871 2448 1953 quis
2508 1885 2537 1934 7

297 1973 525 2035 negare
569 1963 781 2036 potest
810 1975 933 2017 non
975 1955 1149 2019 modo
1192 1976 1261 2021 re
1305 1976 1442 2020 esse
1485 1954 1828 2036 antiquam,
1891 1962 2101 2035 verum
2132 1955 2313 2018 etiam
2345 1977 2454 2019 no-

295 2038 507 2101 mine?
558 2060 709 2121 quae
748 2040 1089 2103 divinarum
1126 2041 1641 2123 ‘humanarumque
1684 2060 1890 2103 rerum
1909 2087 1926 2116 ,
1977 2051 2104 2103 tum
2142 2040 2454 2105 initiorum

297 2145 772 2208 caussarumque
802 2125 1087 2208 cuiusque
1117 2127 1210 2189 rei
1227 2126 1570 2210 cognitione
1600 2125 1713 2189 hoc
1744 2124 2205 2209 pulcherrimum
2235 2147 2457 2191 nomen

296 2209 458 2308 apud
487 2209 766 2317 antiquos
798 2211 1248 2296 assequebatur.
1294 2213 1507 2296 ltaque
1538 2223 1599 2275 et
1626 2211 1762 2285 illos
1795 2222 2046 2295 septem,
2080 2211 2182 2293 qui
2216 2211 2457 2277 aGrae-¹

215 2332 242 2349 2
296 2317 389 2360 cis
422 2314 504 2360 σο
563 2317 665 2375 οι,
711 2296 1016 2381 sapientes
1048 2318 1085 2360 a
1115 2298 1337 2363 nostris
1368 2309 1432 2360 et
1461 2297 1830 2363 habebantur
1874 2307 1936 2360 et
1964 2297 2446 2377 nominabantur,

297 2392 364 2445 et
404 2383 606 2445 mutis
640 2392 779 2444 ante
825 2382 1082 2446 saeculis
1113 2384 1452 2467 Lycurgum
1474 2430 1490 2461 ,
1542 2384 1709 2447 cuius
1753 2381 2119 2466 temporibus
2152 2383 2452 2449 Homerus
2530 2384 2543 2393 ’

207 2474 216 2513 ¹,
298 2466 482 2529 etiam
516 2467 703 2533 fuisse
734 2478 872 2533 ante
906 2468 1055 2532 hanc
1088 2467 1305 2533 Urbem
1336 2469 1634 2538 conditam
1665 2468 1967 2553 traditur,
2011 2479 2072 2531 et
2101 2469 2220 2531 iam
2253 2470 2453 2532 heroi-

300 2553 390 2617 cis
424 2551 717 2617 aetatibns
740 2552 979 2618 Ulixem
1010 2563 1072 2617 et
1099 2554 1420 2618 Nestorem
1450 2555 1788 2638 accepimus
1820 2565 1882 2616 et
1910 2554 2098 2618 fuisse
2130 2565 2191 2616 et
2220 2554 2452 2618 habitos
2490 2604 2495 2611 .

301 2657 439 2703 esse
473 2639 795 2721 sapientes.
884 2639 1013 2705 Nec
1043 2661 1190 2720 veto
1219 2640 1390 2705 Atlas
1424 2640 1727 2705 sustinere
1758 2639 2021 2716 caelum,
2059 2659 2169 2703 nec
2202 2641 2447 2704 Prome-
2502 2651 2533 2702 8

302 2827 646 2878 eruditorum
674 2829 802 2894 plm-
841 2832 989 2881 valet
1022 2849 1185 2900 quam
1230 2836 1330 2883 im·
1435 2833 1694 2900 spaltesten
1734 2840 1942 2895 setzen3
2002 2832 2127 2899 vgl„
2152 2847 2217 2881 zu
2251 2830 2290 2881 Ι.
2323 2833 2371 2897 1,
2398 2833 2455 2885 3.,

288 2899 474 2963 periti
497 2895 813 2961 longissima
840 2905 1014 2950 actm.
1351 2936 1362 2943 κ
1432 2901 1639 2969 Lyeurg
1685 2902 1781 2952 soll
1814 2915 1982 2964 -sogar
2016 2901 2109 2951 mit
2144 2900 2330 2952 Homer
2364 2902 2464 2952 auf

371 2965 422 3014 6.
454 2964 688 3032 proinde
714 2981 793 3030 ac,
825 2982 868 3016 s.
899 2964 1325 3034 ZumptGramm.
1433 2970 1586 3023 Chios
1670 2970 2259 3033 zusammengekommen
2345 2971 2456 3022 sein

305 3034 335 3099 5
367 3032 488 3084 282.
927 3059 934 3067 ⁸
1265 3106 1268 3107 ⁷
1435 3037 1634 3107 (Strab,
1691 3038 1764 3090 X.
1816 3041 1868 3104 4,
1931 3056 1980 3106 p.
2034 3040 2131 3091 382
2174 3039 2453 3104 Tauchn.).

370 3098 430 3159 8.
452 3105 502 3152 ’7
512 3139 525 3152 .
561 3104 727 3155 mitia
766 3113 946 3169 „erste
971 3104 1320 3174 Principien“.
1429 3107 1941 3161 Wahrscheinlicber
1963 3108 2033 3158 ist
2056 3109 2141 3159 die
2165 3107 2451 3173 Tradition,

367 3172 493 3223 illos
519 3178 751 3239 septem.-
790 3173 927 3239 Bias,
971 3174 1137 3242 Chilo,
1180 3176 1328 3227 Cleo-
1431 3177 1552 3229 dass
1565 3177 1769 3246 Lycurg
1793 3185 1971 3229 zuerst
1992 3177 2076 3228 die
2103 3178 2454 3229 homerischen

300 3241 481 3305 bulus,
524 3240 781 3307 Pittacus,
809 3242 1119 3308 Periander,
1149 3245 1323 3309 Solon,
1432 3244 1679 3298 Gedichte
1721 3248 1847 3297 nach
1877 3247 1989 3297 dem
2014 3245 2207 3310 &riech
2235 3243 2457 3297 Mutter-

299 3308 513 3361 Thales.
578 3310 664 3361 Sie
697 3324 869 3362 waren
908 3314 1136 3378 weniger
1159 3313 1326 3364 Pbilo-
1428 3315 1581 3366 lande
1606 3316 1853 3379 gebracht
1877 3315 2026 3365 habe.
2254 3336 2283 3360 <

298 3380 512 3446 sophen,
536 3381 616 3430 als
639 3381 810 3431 weise
820 3380 1225 3432 Staatsmiinner.
1498 3388 1664 3435 etiam
1674 3385 1875 3448 fuisse,
1906 3399 1950 3434 s·
1967 3381 2008 3431 Ι.
2031 3382 2112 3445 16,
2130 3381 2196 3433 38
2226 3398 2289 3431 zu
2301 3384 2448 3448 fuit.

369 3454 427 3498 et
448 3450 789 3500 habebantur
812 3452 1319 3516 etnominabantur,
1347 3456 1350 3467 '
1499 3458 1557 3502 et
1575 3455 1761 3517 fhzssese
1785 3458 1842 3502 et
1863 3453 2080 3503 habitos
2107 3467 2220 3500 esse
2242 3454 2457 3516 sapien·-

174 3574 188 3580 ,
298 3518 478 3567 deutet
501 3532 598 3581 an,
642 3517 761 3568 dass
786 3518 868 3569 die
894 3518 1193 3584 allgemeine
1219 3520 1325 3570 An·
1429 3525 1508 3570 tas
1547 3520 1848 3570 bezeichnet
1886 3520 1968 3570 die
2008 3518 2306 3583 allgemeine
2346 3518 2455 3570 An÷

298 3586 433 3636 sicbt
470 3586 578 3635 sich
617 3585 668 3635 in
711 3586 823 3636 dem
847 3588 1169 3639 bestimmten
1192 3585 1324 3640 Ans-
1429 3587 1815 3653 erkennungals
1837 3588 1951 3639 eine
1964 3588 2256 3637 verdiente:
2289 3588 2450 3651 „dass

300 3654 491 3706 drucke
516 3655 658 3704 fixirt
681 3654 832 3705 habe.
1430 3657 1505 3707 sie
1531 3657 1623 3707 mit
1647 3655 1809 3707 Recht
1835 3656 1913 3707 als
1940 3656 2115 3707 Weise
2141 3655 2379 3729 galten.“

315 3772 324 3778 ,
368 3723 597 3779 saeculis
657 3723 711 3773 in
760 3722 853 3774 der
881 3725 1324 3791 -urspriingliehen
1499 3726 1548 3775 8.
1586 3724 1699 3774 Nec
1743 3741 1867 3775 vero
1915 3724 2077 3776 Atlas
2128 3731 2228 3772 etc.
2293 3724 2447 3774 Sinn:
2525 3748 2532 3753 ·

298 3792 602 3857 Redeutung
623 3814 694 3834 =
717 3797 963 3860 γενεαῖς,
1024 3792 1324 3847 Menschen-
1428 3790 1568 3844 Auch
1609 3792 1757 3842 Atlas
1794 3800 1892 3842 etc.
1933 3793 2234 3842 verdienten
2269 3791 2450 3844 Weise

261 3914 270 3918 ,
300 3861 455 3912 alter.
1109 3913 1115 3919 ,
1430 3880 1497 3913 zu
1533 3862 1764 3925 hesssen3
1817 3861 1941 3910 aber
1978 3861 2058 3911 die
2094 3857 2329 3927 Neigung
2362 3861 2452 3912 des

368 3931 634 3983 Homerus
690 3948 788 3985 zur
834 3931 965 3985 Zeit,
999 3931 1231 4000 Lym-gs
1255 3960 1326 3971 ——-
1428 3932 1745 3985 Alterthums
1788 3946 1882 3980 zur
1905 3928 2329 3997 Mythenbildung
2364 3932 2453 3981 bat

301 3990 383 4061 die
429 3998 688 4077 Annabme
738 4001 921 4066 deror,
943 4002 1063 4085 stdie
1111 4001 1197 4052 lhn
1244 4014 1324 4058 am
1433 4001 1541 4051 dies
1581 3998 1889 4066 symboliseh
1937 3998 2310 4062 ausgedriicktz
2362 3998 2459 4050 At-
