2784 4534
1013 255 2383 328 LIBER11.26,62.109

115 469 136 476 t
239 423 479 489 solebat
505 439 756 486 narrare
787 419 1133 504 Pompeius·
1172 439 1260 497 se,
1295 441 1475 505 quum
1500 406 1765 485 Rhodum
1793 421 2064 487 venisset
2093 423 2385 489 decedens

129 2289 146 2305 ⁸
237 2291 319 2327 wo
346 2275 526 2329 friiher
556 2276 646 2340 (78
670 2291 722 2325 v.
752 2275 898 2340 Chr.)
924 2276 1052 2326 auch
1079 2275 1257 2326 Cicero

149 2769 156 2774 ·
231 2758 400 2820 ἱππεῦ,
429 2757 498 2806 im
522 2756 649 2807 Jahr
674 2757 759 2808 64.

236 529 326 572 ex
359 507 559 592 Syria,
593 505 802 572 audire
830 504 1097 570 voluisse
1130 505 1549 584 Posidonium,
1582 507 1688 569 sed
1693 528 1894 605 quum
1925 509 2212 587 audisset,
2250 529 2389 575 eum

233 594 516 678 graviter
543 612 679 657 esse
710 610 954 681 aegrum
970 636 987 668 ,
1039 592 1198 674 quod
1221 551 1611 661 vehement’er
1654 592 1787 657 eius
1815 605 1979 659 artus
2012 593 2379 673 laborarent,

236 679 512 744 voluisse
556 689 756 748 tamen
800 674 1252 741 nobilissimum
1267 676 1677 760 philosophum
1704 679 1943 747 visete·
1923 724 1942 757 ,
1994 700 2167 763 quem
2199 692 2264 745 ut
2291 681 2382 745 vi·

239 766 435 830 disset
494 776 555 827 et
611 761 1000 829 salutavisset
1056 762 1401 828 honorificis
1484 782 1517 825 e
1575 762 1779 827 verbis
1826 774 2177 847 prosecutus
2221 779 2385 831 esset

238 851 610 932 molesteque
640 868 710 913 se
738 848 996 913 dixisset
1024 849 1185 912 ferre
1204 894 1223 926 ,
1268 870 1382 932 quo
1468 869 1604 912 eum
1645 870 1765 913 non
1796 860 2002 934 posset
2028 850 2273 930 audire,
2322 864 2384 915 at

236 936 381 999 ille.
433 936 526 999 Tu
556 954 739 1012 vero,
788 933 1015 1018 inquit,
1052 945 1255 1018 potes,
1293 954 1403 998 nee
1432 934 1830 1013 committam,
1880 945 1947 999 ut
1975 935 2149 1000 dolor
2173 957 2384 1021 corpo-

235 1022 329 1087 ris
361 1021 615 1098 efficiat,
652 1031 718 1083 ut
744 1021 968 1084 frustra
995 1030 1197 1083 tantus
1226 1020 1324 1084 vir
1353 1020 1429 1084 ad
1458 1039 1553 1082 me
1584 1022 1840 1084 venerit.
1907 1021 2134 1117 Itaque,
2173 1044 2383 1086 narra-

232 1107 342 1173 hat
359 1154 378 1186 ,
443 1128 578 1171 eum
619 1106 890 1189 graviter
931 1115 992 1168 et
1035 1105 1275 1189 copiose
1319 1106 1390 1169 de
1422 1104 1581 1168 hoe
1562 1127 1726 1189 1pso,
1773 1106 1924 1170 nihil
1969 1127 2104 1171 esse
2133 1107 2378 1203 honum,

236 1193 361 1258 nisi
405 1193 566 1276 quod
601 1201 767 1255 esset
808 1192 1156 1268 honestum,
1219 1191 1535 1267 cubantem
1589 1192 2022 1276 disputavisse,
2085 1199 2382 1277 quumque

231 1279 413 1361 quasi
442 1279 601 1342 faces
633 1277 690 1339 ei
722 1276 943 1343 doloris
974 1277 1470 1354 admoverentur,
1506 1298 1686 1361 saepe
1717 1278 1982 1344 dixisse:
2027 1279 2192 1343 Nihil
2221 1280 2374 1363 agie,

232 1363 448 1429 dolor!
513 1362 787 1447 quamvis
846 1362 932 1428 sis
976 1364 1263 1428 molestus
1284 1409 1301 1441 ,
1367 1384 1686 1445 numquam
1744 1375 1805 1427 te
1861 1384 1998 1430 esse
2057 1365 2383 1430 confitebor

237 1450 494 1514 malum.
1138 1477 1151 1489 ²

368 1562 372 1571 ’
417 1535 786 1618 Omninoque
833 1550 1039 1599 omnes
1083 1532 1232 1597 clari
1275 1543 1337 1596 et
1364 1533 1660 1597 nobilitati
1703 1534 1938 1600 labores
1970 1538 2377 1601 contendendo
2394 1536 2486 1607 26

137 1655 160 1671 .
237 1590 393 1684 fiunt
422 1621 604 1685 etiam
631 1619 999 1685 tolerabiles.
1083 1609 1484 1696 Videmusne,
1535 1629 1635 1696 ut,
1685 1621 1837 1704 apud
1873 1643 2021 1704 quos
2053 1642 2259 1686 eorum
2291 1624 2381 1695 1ιι·-
2411 1634 2476 1685 62

234 1708 489 1783 dorum,
537 1706 646 1805 qui
686 1704 944 1790 gymnici
988 1705 1407 1778 nominantur,
1453 1723 1702 1788 magnus
1749 1705 1937 1771 honos
1983 1707 2099 1783 sit,
2151 1708 2380 1773 nullum

192 1840 198 1853 ,
235 1792 362 1855 ab
343 1792 421 1856 lis
444 1839 461 1870 ,
498 1793 599 1876 qui
627 1791 691 1854 in
720 1792 781 1855 id
810 1801 1113 1854 certamen
1141 1750 1534 1866 descendant,
1571 1789 1829 1857 devitari
1857 1792 2167 1855 dolorem?
2209 1792 2382 1876 Apud

235 1899 389 1962 quos
435 1887 633 1947 autem
675 1876 933 1941 venandi
972 1886 1036 1967 et
1079 1875 1384 1959 equitandi
1429 1876 1563 1940 laus
1592 1875 1789 1959 viget,
1856 1877 1956 1961 qui
2002 1877 2152 1941 hane
2181 1890 2379 2013 petes-

1428 2063 1533 2125 26.
1564 2068 1649 2118 62.
1682 2040 2010 2136 Omninoque
2029 2086 2248 2136 omne-5,
2257 2073 2380 2136 ,und

1360 2136 1648 2202 iibcrhaupt
1688 2138 1831 2187 alle“
1850 2176 1865 2203 ,
1916 2139 2070 2204 steigt
2104 2155 2220 2190 vom
2254 2140 2379 2191 Εἰιιέ

1360 2207 1543 2259 zelneu
1569 2222 1684 2257 zum
1696 2205 2045 2271 Allgemeincn
2072 2209 2177 2343 auJ,
2200 2226 2379 2262 omnes

1361 2279 1575 2326 omnino
1622 2275 1759 2326 wire
1805 2277 2031 2341 dagcgen
2083 2315 2121 2343 „
2161 2280 2379 2331 urchaus

1361 2343 1481 2407 alle,
1511 2343 1613 2394 alle
1638 2346 1766 2394 ohne
1779 2346 2113 2399 ΑιιειιιιιΙιιιιοιι
2134 2364 2232 2412 3so
2252 2351 2377 2400 auch

1360 2415 1580 2463 omnino
1616 2404 1796 2464 nullus
1834 2415 1938 2465 und
1958 2416 2139 2466 nullus
2163 2421 2378 2469 omnino

1360 2478 1476 2547 (111.
1510 2481 1592 2545 10,
1620 2472 1732 2548 22).
1878 2521 1893 2527 -

1431 2550 1825 2616 contendendo,
1868 2550 1953 2602 fur
1987 2553 2067 2603 die
2093 2554 2380 2605 unhrauch-

1358 2616 1482 2668 bare
1542 2616 1769 2682 Vulgata
1830 2622 2241 2685 contemnendo,
2310 2624 2381 2674 ist

1359 2686 1604 2754 Bentleys
1627 2688 1783 2738 durch
1798 2689 1944 2738 einen
1968 2689 2084 2739 cod.
2102 2690 2377 2755 hest'atigte

1359 2753 1716 2806 Emendation.
1767 2756 1862 2806 Die
1890 2762 2161 2808 contentio
2199 2761 2377 2809 animi

1359 2837 1472 2873 war
1501 2824 1565 2888 ja
1600 2839 1699 2874 von
1737 2823 1825 2888 22,
1854 2825 1912 2873 51
1951 2824 2032 2875 his
2072 2826 2277 2877 hierher
2300 2827 2377 2877 als

1361 2891 1444 2942 ein
1468 2891 1803 2957 Hauptmittel
1830 2908 1991 2957 gegen
2018 2894 2113 2944 den
2139 2893 2377 2946 Schmerz

1360 2960 1679 3042 dargestellt.
1706 2961 1846 3015 Abei-
1868 2963 1996 3013 auch
2022 2961 2218 3016 Klotz's
2245 2964 2379 3016 Con-

1352 3030 1556 3095 jectar.
1619 3035 1871 3083 cont-enno
1919 3031 2225 3100 (,“„sol'ort
2276 3034 2382 3086 fast

309 2070 396 2119 61.
432 2068 781 2133 Posidonius,
825 2084 919 2120 aus
941 2070 1168 2136 Apamea
1206 2068 1258 2118 in

239 2136 428 2220 Syrien
466 2137 730 2203 gebiirtig,
763 2107 1023 2204 ,διοὶὶιιῃ
1051 2139 1140 2188 des
1164 2135 1259 2188 Pa-

239 2207 410 2257 na'tius
449 2205 693 2271 Schiiler,
739 2207 903 2258 lehrte
942 2207 993 2256 in
1029 2205 1256 2269 Rhodus,

240 2345 329 2395 ihn
354 2345 531 2404 Ιιὸιιες
570 2344 758 2395 daher:
797 2349 1001 2396 noster.

310 2429 466 2480 quem
487 2438 560 2451 —-
582 2413 697 2464 vidi
730 2419 788 2464 et
824 2413 885 2464 id
920 2412 1123 2476 dicam,
1174 2412 1262 2463 fiir

240 2487 295 2533 et
331 2481 397 2533 de
432 2497 539 2548 quo
573 2482 633 2533 id
668 2482 876 2542 dicam,·
921 2496 967 2531 s.
1007 2480 1048 2532 1.
1078 2481 1165 2544 30,
1193 2481 1258 2531 72

241 2567 312 2603 zu
331 2566 567 2617 seseque.

310 2618 562 2669 decedens
601 2634 669 2669 eoe
704 2617 902 2686 Syria,
944 2619 1164 2670 welches
1202 2635 1264 2670 er

240 2704 336 2739 zur
402 2688 690 2741 romischen
751 2686 965 2738 Provinz
1026 2688 1273 2751 gemacht

305 2829 468 2876 artus
513 2826 850 2885 laborarent.
910 2823 986 2875 Ει·
1007 2825 1149 2875 hatte
1175 2824 1257 2875 die

237 2889 516 2965 ἆρθρῒτις,
544 2895 594 2946 d.
624 2896 675 2946 h.
706 2892 857 2945 Gicht
879 2895 982 2944 und
1005 2891 1255 2958 Podagra.

305 2968 372 3015 at
392 2963 492 3013 ille
511 2991 583 3000 —
591 2967 800 3031 inquit
838 2961 1140 3026 Uebergang
1165 2978 1260 3014 zur

237 3031 404 3083 oratio
455 3040 630 3097 recta,
677 3032 797 3085 weil
837 3035 1021 3099 inquit
1074 3031 1258 3084 keinen

219 3099 385 3151 'Inflm
414 3101 523 3153 hat.
1359 3122 1431 3140 =
1457 3115 1516 3150 eo
1577 3102 1601 3149 i
1594 3101 1715 3166 pso)
1776 3101 1847 3150 ist
1907 3101 2379 3168 beachtenswcrth3

305 3169 500 3236 Itaque
536 3170 824 3234 „undso‘ss
853 3169 1033 3234 gehort
1056 3186 1125 3220 zu
1148 3169 1260 3220 dis-
1359 3167 1466 3232 νεὶ.
1512 3169 1595 3233 19,
1637 3171 1734 3235 45,
1772 3168 1860 3222 111.
1904 3172 2042 3236 1,2;
2094 3172 2238 3237 3,5;
2294 3173 2378 3236 18,

235 3241 531 3305 putavisse.
1360 3238 1448 3288 40.

310 3312 467 3373 quasi
481 3308 643 3374 faces
669 3280 874 3357 doloris
896 3329 967 3347 ==
992 3307 1261 3358 ardenti-s

243 3376 371 3425 simi
403 3375 635 3427 dolores.
696 3372 815 3440 Vgl.
855 3375 917 3426 de
944 3373 1256 3441 ο11.11.10,

243 3441 342 3492 37:
389 3444 654 3495 Dolormn
701 3458 868 3511 quum
904 3444 1261 3497 admoventur

224 3509 414 3576 faces,
468 3518 700 3579 praeter
727 3512 973 3563 .modum
1011 3513 1261 3579 plerique

244 3584 621 3642 exterrentur-,-
666 3597 713 3633 s.
740 3582 870 3641 anch
894 3588 1049 3632 unten
1073 3579 1142 3632 V.
1168 3581 1258 3647 27,

243 3649 326 3700 76.
389 3649 445 3700 ln
505 3650 670 3700 einem
729 3651 921 3701 andern
969 3649 1258 3718 tropischen

239 3714 392 3768 Sinne
416 3719 657 3784 warsaoe
680 3718 721 3770 1.
752 3718 836 3783 19,
864 3719 931 3769 44
955 3718 1254 3782 gebraucht.

255 3818 272 3837 ι
304 3786 463 3839 Nihil
484 3791 621 3854 agis,
660 3788 758 3838 wie
782 3788 835 3838 in
861 3784 976 3839 Cat.
1005 3787 1046 3838 1.
1076 3789 1126 3852 6,
1159 3789 1253 3838 15.

238 3854 390 3907 Nihil
411 3859 551 3923 agis,
580 3858 720 3907 nihil
741 3860 1063 3923 assequens,
1089 3866 1259 3924 neque

246 3928 420 3977 tamen
446 3929 638 3977 conam·
657 3941 722 3976 ac
745 3925 874 3977 velle
899 3924 1133 3978 desistes.

1433 3305 1784 3372 Videmus-ne,
1832 3314 1917 3359 ut.
1980 3306 2195 3359 Cicero
2208 3310 2382 3361 wollte

1362 3375 1660 3429 εοὴιείΙιθιι,.
1723 3383 1791 3429 ut
1839 3375 2027 3443 („vyie‘
2036 3377 2172 3442 ‘)—
2198 3378 2381 3429 nullus

1361 3470 1433 3482 -—
1457 3443 1727 3496 devitetur
1773 3445 1958 3510 dolor,
2008 3460 2221 3510 vergass
2259 3446 2383 3497 aber

1363 3511 1588 3564 nachher
1621 3511 1712 3564 das
1749 3519 1818 3565 ut
1850 3515 1952 3565 und
1976 3521 2110 3565 setzt
2134 3515 2230 3565 den
2253 3515 2378 3567 Ace.

1361 3597 1407 3631 c.
1437 3580 1534 3631 Inf.
1561 3581 1723 3631 -Im
1760 3582 2029 3646 folgenden
2071 3583 2224 3634 Satze
2260 3585 2383 3648 geht

1362 3665 1421 3700 er
1443 3649 1493 3699 in
1517 3648 1598 3699 die
1623 3657 1754 3701 orat.
1783 3659 1928 3702 recta
1952 3652 2110 3716 iiber3
2170 3653 2269 3703 wie
2286 3653 2376 3705 IV.

1363 3719 1449 3782 10,
1477 3717 1542 3769 24
1567 3719 1695 3769 nach
1719 3720 2088 3787 intelligatur.

1424 3791 1712 3852 petessant
1759 3788 1884 3838 oder
1923 3793 2232 3853 petis-sunt,
2295 3791 2376 3843 ein

1361 3856 1584 3906 seltenes
1608 3855 1781 3921 Wort,
1811 3857 1940 3908 nach
1965 3856 2147 3910 Festus
2168 3883 2240 3903 ===
2261 3876 2381 3932 spe-

1352 3928 1480 3992 piue
1497 3928 1716 3992 petunt,
1746 3895 1855 3978 dlso
1880 3926 2024 3983 verb.
2051 3927 2375 3982 intensivum.
2435 3940 2439 3953 ⁴
