2784 4534
258 273 267 323 ,
695 206 734 285 s
976 248 1227 302 mann
1256 249 1322 302 11.
1351 249 1439 317 23,
1466 250 1557 303 ¹54.
1590 252 1674 302 55.
2261 243 2382 304 105

237 410 413 475 ritas.
478 408 741 475 Videsne
770 408 955 493 igitur
972 455 989 487 ,
1026 410 1326 495 opinionis
1355 431 1493 476 esse
1511 457 1529 487 ‚
1565 431 1687 475 non
1716 420 1964 474 naturae
1995 411 2255 476 malum?
2303 413 2383 475 Et

238 508 441 562 tamen
482 495 671 560 fuisse
723 515 920 558 aorem
961 517 1226 561 morsum
1278 496 1535 573 delude,
1570 562 1583 577 l
1601 496 1759 559 idem
1796 497 2024 563 Marius
2075 496 2374 576 ostendit'3

240 603 379 647 erus
427 581 588 645 enim
631 580 885 647 alterum
929 603 1049 645 non
1094 582 1387 665 praebuit.
1480 582 1566 645 Ita
1613 593 1673 646 et
1703 582 1840 645 tulit
1870 582 2132 647 dolorem
2160 594 2231 648 ut
2259 584 2377 660 vir,

58 658 62 675 ⁸
145 698 153 713 =
240 678 303 731 et
374 677 442 732 ut
483 666 657 730 homo
730 667 1018 731 maiorem
1075 669 1235 731 ferre
1295 669 1428 733 sine
1481 690 1695 745 caussa
1761 668 2103 737 necessaria
2161 670 2376 734 noluit.

151 2175 168 2196 .
238 2124 432 2189 animi
493 2134 587 2188 est
644 2123 971 2192 adhihenda
1015 2125 1340 2189 eontentio.

242 753 465 817 Totum
494 753 680 838 igitur
706 750 773 815 iu
801 770 873 817 eo
905 765 1034 830 est,
1070 765 1137 817 ut
1165 753 1273 816 tibi
1302 753 1587 838 imperes.
2208 828 2211 831 y

415 838 661 903 Ostendi
702 850 901 903 autem
921 887 939 917 ,
988 839 1150 922 quod
1190 851 1353 904 esset
1381 838 1712 923 imperandi
1740 859 1966 922 genus3
2016 849 2215 921 atquer
2235 839 2382 903 haee

240 916 525 1024 cogitatio
553 971 570 1001 ‚
637 924 778 1007 quid
797 924 1096 1008 „patientia
1112 971 1131 1002 ,
1182 925 1320 1009 quid
1362 925 1745 1002 fortitudine,
1796 924 1937 1009 quid
1979 924 2382 1009 magnitudine

196 1002 214 1023 '
238 1009 429 1077 ammi
489 1009 899 1093 dignissimum
958 1010 1039 1074 sit
1056 1056 1075 1087 ‚
1139 1033 1259 1074 non
1304 1012 1498 1075 solum
1543 1012 1803 1074 animum
1847 1009 2214 1093 comprimit,
2278 1010 2384 1074 sed

237 1096 436 1180 ipsum
463 1095 642 1159 etiam
672 1095 936 1159 dolorem
956 1143 974 1174 ‚
1010 1096 1212 1161 neseio
1244 1118 1358 1179 quo
1389 1108 1558 1181 pacto
1578 1143 1596 1173 ‚
1633 1097 1930 1165 mitiorem
1959 1096 2121 1159 facit.
2262 1144 2267 1147 -

379 1176 398 1185 ’
419 1180 495 1245 Ut
524 1181 684 1243 enim
714 1180 779 1243 fit
807 1180 872 1243 in
900 1182 1162 1265 proelio,
1198 1193 1262 1257 ut
1291 1182 1544 1266 ignavus
1576 1183 1749 1247 miles
1780 1205 1848 1247 ae
1875 1181 2119 1246 timidus
2139 1228 2157 1258 ‚
2203 1181 2381 1246 simul
2400 1181 2492 1253 28

241 1290 311 1332 ae
353 1267 576 1331 viderit
615 1266 846 1331 hostem
867 1314 885 1344 ‚
948 1267 1178 1332 abiecto
1223 1279 1388 1332 scuto
1441 1269 1660 1353 fugiat,
1707 1278 1990 1351 quantum
2021 1268 2245 1352 possit,
2309 1268 2384 1331 ob
2416 1281 2482 1332 54

242 1372 494 1435 eamque
514 1363 1033 1436 ‘caussampereat
1049 1400 1068 1431 ,
1117 1375 1560 1437 nonnumquam
1604 1354 1784 1418 etiam
1826 1354 2062 1437 integro
2107 1374 2376 1438 corpore,

242 1460 423 1522 quum
458 1439 554 1516 ei,‘
587 1437 693 1521 qui
718 1439 992 1516 steterit,
1027 1438 1175 1502 nihil
1205 1440 1327 1503 tale
1357 1440 1666 1505 evenerit:
1704 1441 1790 1506 sic
1808 1487 1826 1517 ‚
1863 1440 1962 1522 qui
1994 1439 2229 1504 doloris·
2247 1460 2382 1523 spe-

241 1524 397 1597 ciem
426 1525 587 1587 ferre
618 1545 738 1588 non
769 1536 1048 1608 possunt,
1100 1524 1385 1588 abiiciunt
1425 1546 1492 1590 se
1523 1536 1699 1609 atque
1726 1526 1813 1589 ita
1843 1524 2040 1590 afflicti
2082 1537 2144 1588 et
2172 1526 2386 1588 exani-

239 1611 388 1674 mati
419 1610 653 1687 iacent3
705 1610 804 1692 qui
835 1621 1032 1673 autem
1062 1611 1449 1697 restiterunt)
1478 1606 1795 1676 discedunt
1824 1611 2176 1694 saepissime
2207 1631 2382 1694 supe-

240 1696 464 1761 riores.
542 1696 693 1761 Sunt
734 1695 894 1759 enim
940 1696 1222 1779 quaedam
1269 1696 1454 1759 animi
1495 1697 1921 1777 similitudines
1945 1718 2074 1781 cum
2106 1717 2378 1779 corpore.

244 1780 324 1846 Ut
352 1801 537 1846 onera
567 1781 863 1845 contentis
894 1780 1237 1866 corporibus
1267 1782 1502 1846 facilius
1533 1785 1841 1858 feruntur,
1881 1780 2157 1846 remissis
2186 1782 2384 1864 oppri-

237 1879 452 1931 munt:
489 1867 788 1932 simillime
819 1867 1051 1932 animus
1083 1866 1416 1932 intentione
1445 1890 1552 1932 sua
1586 1867 1823 1951 depellit
1852 1882 2123 1951 pressum
2145 1888 2383 1931 omnem

139 1994 144 1995 ff
213 1953 572 2104 ,ponderum
588 1999 605 2030 ‚
640 1952 999 2018 remissione
1030 1964 1228 2017 autem
1258 1953 1350 2018 sie
1376 1966 1658 2037 urgetur,
1709 1964 1777 2018 ut
1805 1973 1872 2018 se
1903 1963 2158 2035 nequeat
2187 1953 2387 2025 extol-

261 2059 300 2102 e

300 2060 335 2102 r
377 2084 394 2101 .
487 2039 565 2101 Et
593 2038 647 2103 si
676 2058 884 2102 verum
915 2039 1255 2122 quaerimus
1273 2086 1289 2116 ,
1324 2040 1390 2103 in
1421 2039 1694 2104 omnibus
1719 2039 1927 2104 officiis
1957 2038 2385 2123 persequendis
2415 2052 2484 2103 55
2620 2082 2625 2101 .

1435 2126 1525 2190 Ea
1564 2137 1658 2190 est
1696 2126 1826 2191 sola
1873 2124 2042 2190 officii
2086 2136 2385 2207 tamquam
2425 2182 2435 2194 ,

238 2209 536 2276 custodia.

427 2295 543 2359 Sed
584 2294 695 2360 hoe
736 2296 969 2380 quidem
1014 2295 1080 2381 in
1119 2296 1326 2360 dolore
1367 2281 1631 2359 maxime
1675 2308 1768 2360 est
1796 2296 2258 2380 providendum,
2308 2317 2389 2361 ne

238 2382 387 2468 quid
418 2381 682 2460 abiecte,
731 2401 807 2445 ne
839 2381 975 2464 quid
1004 2382 1209 2445 timide
1228 2427 1247 2459 ,
1294 2402 1371 2445 ne
1403 2382 1540 2465 quid
1569 2383 1822 2466 ignave,
1870 2402 1948 2446 ne
1978 2382 2115 2467 quid
2146 2382 2386 2450 servili-

1361 2611 1591 2676 putabO.
1643 2636 1711 2647 -
1771 2607 2009 2660 Dieselbe
2084 2582 2387 2661 Gesehichte

1367 2677 1773 2731 ausffihrlicher:
1812 2675 1946 2729 Plut.
1974 2675 2102 2727 Mar.
2134 2694 2180 2728 c.
2211 2679 2263 2727 6.

311 2612 593 2664 Caucasus
642 2617 827 2662 nannte
865 2624 980 2659 man
1017 2610 1143 2660 auch
1183 2609 1263 2660 die

247 2680 498 2732 iistlichen
515 2678 915 2744 Fortsetzungen
929 2679 1019 2731 des
1035 2678 1267 2742 eigentli-

247 2750 374 2800 eben
402 2747 662 2798 Caucasus
690 2747 768 2799 bis
794 2748 921 2798 nach
947 2746 1122 2801 Indion
1146 2747 1264 2811 hin3

245 2818 344 2881 vgl.
378 2815 445 2867 V.
469 2816 558 2880 27,
589 2818 675 2867 77.

310 2903 412 2956 sed
441 2904 550 2969 sac
586 2910 686 2954 ete.
746 2902 902 2953 Sinn:
954 2898 1123 2953 Wenn
1167 2917 1266 2952 uns

250 2972 326 3023 eiu
359 2971 529 3035 Fut-ss,
577 2974 659 3023 ein
696 2971 841 3023 Zahn
878 2972 1159 3034 schmerzt,
1211 2986 1267 3021 so

252 3039 451 3092 konnen
472 3041 571 3091 wir
594 3056 650 3091 es
668 3041 806 3093 nieht
821 3047 1088 3110 ertragen3
1117 3039 1266 3101 stelle

257 3108 331 3160 dir
348 3109 585 3161 vollends
608 3124 702 3161 vor
716 3148 731 3174 ,
770 3110 864 3160 der
885 3124 1046 3173 ganze
1072 3106 1269 3175 liiii-per

258 3179 495 3245 empflnde
522 3177 826 3230 Schmerzen
848 3196 862 3242 3
889 3178 987 3229 wie
1012 3177 1266 3241 geherden

258 3246 348 3295 wir
367 3262 463 3297 uns
487 3247 620 3299 daun
637 3252 650 3298 1

315 3332 643 3399 fluimusque
665 3335 919 3385 mollit-ia.
968 3332 1034 3382 So
1057 3331 1193 3383 Vell.
1222 3331 1263 3383 1.

266 3396 295 3447 6
313 3414 362 3448 u.
387 3399 451 3453 11.
469 3401 533 3451 88
552 3403 801 3455 mollitiis
812 3404 906 3471 fl.‚
925 3401 1044 3452 Liv.
1064 3399 1179 3452 VH.
1200 3401 1266 3451 29

267 3465 585 3536 luxufluere.
608 3469 993 3524 Gewiihnlieher
1004 3467 1267 3535 diffluere.

331 3553 410 3603 53.
448 3561 516 3606 ut
534 3573 704 3624 supra
730 3558 865 3623 dia-2⁰,
893 3574 937 3609 s.
967 3558 1053 3617 15,
1083 3556 1167 3609 35.

332 3640 456 3692 tulit
479 3642 719 3694 dolorem
732 3650 831 3694 etc.
861 3642 968 3694 Der
981 3640 1269 3707 Gegensatz

268 3707 507 3761 zwischen
551 3714 637 3761 vir
679 3712 780 3762 und
817 3713 974 3763 Immo
1010 3708 1126 3762 tritt
1159 3711 1271 3762 hier

269 3772 415 3827 durch
449 3779 544 3830 den
572 3779 836 3831 Chiasmus
868 3795 951 3830 um
976 3796 1032 3844 so
1057 3780 1271 3831 sehssner

272 3839 459 3896 hervor.
519 3846 638 3911 vgl.
680 3849 746 3899 ad
779 3846 842 3914 Q.
887 3849 949 3900 fr.
993 3847 1170 3912 11.11,
1198 3848 1265 3898 3:

271 3912 433 3963 virum
468 3921 520 3965 te
545 3918 754 3982 putabo
778 3945 845 3956 —
870 3918 1133 3969 hominem
1161 3932 1269 3969 non

1439 2767 1678 2814 animum
1748 2765 2072 2828 comprimit.
2158 2764 2387 2813 Animus

1369 2833 1483 2882 hier
1516 2832 1581 2882 im
1622 2846 1808 2896 engern
1847 2829 2000 2881 Sinne
2023 2854 2095 2873 =
2118 2825 2148 2881 ὁ
2184 2825 2386 2950 signif,

1369 2902 1462 2951 das
1499 2898 1713 2963 Geffihl,
1749 2902 1836 2951 ira
1872 2899 1934 2961 (1.
1968 2900 2052 2964 10,
2081 2901 2188 2968 20).
2279 2917 2309 2950 o
2335 2917 2386 2968 p.

1368 2968 1529 3021 Maro.
1558 2970 1610 3033 3,
1651 2969 1712 3019 8:
1765 2973 2003 3020 «tamum
2027 2973 2249 3035 vincere,
2279 2974 2391 3025 ira-

1372 3039 1625 3093 cundiam
1664 3039 1907 3089 cohibere
1931 3066 1995 3076 —
2020 3041 2151 3090 haee
2174 3039 2390 3107 qui‘sa-
2494 3062 2507 3074 ·

1372 3111 1511 3171 ciat,
1554 3123 1674 3159 eum
1708 3108 2040 3158 simillimum
2066 3109 2163 3159 deo
2187 3109 2384 3161 iudico·

1369 3175 1488 3242 Vgl.
1519 3175 1604 3227 1V.
1636 3175 1718 3240 18,
1746 3178 1832 3227 41.

1438 3275 1542 3336 28.
1572 3281 1656 3332 54.
1687 3283 2019 3346 opprimunt,
2037 3279 2385 3343 sufferentes.

1438 3348 1707 3399 simillime
1741 3349 1865 3398 oder
1895 3349 2147 3399 similiter
2170 3346 2282 3412 (fiir
2304 3351 2389 3398 ita

1371 3419 1496 3472 oder
1508 3420 1607 3479 sic)
1623 3417 1811 3467 kommt
1835 3417 1963 3467 nach
1980 3417 2122 3467 utim
2139 3416 2192 3466 2.
2209 3414 2387 3467 Gliede

1370 3502 1468 3537 von
1503 3483 2083 3551 Vergleichungssiitzeu
2130 3484 2264 3535 oster
2306 3484 2389 3535 bei

1375 3554 1555 3605 Cicero
1581 3568 1706 3617 vor3
1745 3555 1872 3604 auch
1897 3557 2061 3605 item.-
2084 3552 2156 3604 ·V.
2186 3554 2236 3617 3,
2264 3554 2317 3603 9.

1444 3639 1758 3705 corporibus
1781 3665 1850 3677 --
1874 3643 2103 3690 animus.
2161 3638 2267 3690 Der
2290 3637 2390 3707 Ue·

1371 3709 1597 3773 beu-gang
1628 3720 1743 3756 vom
1778 3706 1919 3757 Plnr.
1956 3723 2071 3758 zum
2090 3707 2262 3772 singu,
2288 3709 2387 3759 wie

1370 3776 1461 3831 111.
1505 3776 1598 3839 10,
1640 3775 1706 3824 23
1756 3779 1935 3841 aegris
1983 3779 2297 3843 corporibus
2318 3805 2390 3817 ·—

1372 3848 1542 3896 animi
1569 3844 1855 3910 aegritudo
1866 3865 1885 3905 ;
1919 3842 2007 3897 lv.
2040 3846 2124 3910 1Q,
2152 3846 2216 3896 23
2242 3863 2390 3899 mor-

1373 3918 1452 3967 bis
1477 3915 2171 3980 corporum—morborum
2195 3920 2385 3970 animi.
