2784 4534
420 276 545 338 156
849 308 852 309 f
982 342 994 358 .
1187 281 1443 334 monn
1470 280 1558 333 111.
1591 280 1680 347 31,
1713 279 1799 333 ⁷6.

416 443 600 520 insit,
636 452 702 505 ut
729 442 935 524 vigeat
962 438 1025 504 e't
1055 440 1281 505 habeat
1299 442 1590 524 quandam
1622 440 2026 517 viriditatem,
2082 451 2207 503 tam
2237 440 2340 505 diu
2370 442 2579 526 appel-

417 530 577 595 letur
605 546 836 591 rccens.
931 526 1008 591 Ut
1047 527 1374 592 Artemisia
1418 527 1523 589 illa
1542 573 1560 604 ,
1606 525 1868 618 Mausoli
1913 525 2128 589 Cariae
2170 526 2335 611 regis
2380 548 2572 605 uxor,

418 634 570 697 quae
602 612 799 676 nobile
829 612 976 676 illud
1006 611 1415 677 Halicarnassi
1445 612 1590 675 fecit
1618 612 1956 697 sepulcrum
1973 658 1992 688 ‚
2043 633 2219 694 quam
2249 612 2353 677 diu
2381 612 2572 691 vixit,

413 699 576 764 vixit
603 699 667 761 in
697 699 860 761 luctu
874 743 893 774 ‚
942 698 1269 780 codemque
1315 698 1497 781 etiam
1541 698 1810 764 confecta
1851 696 2175 761 contabuit.
2256 696 2409 762 Huic
2437 709 2583 762 erat

414 785 523 849 illa
553 784 753 868 opinio
785 782 1000 847 cotidie
1030 803 1243 849 recens
1264 830 1282 861 ,
1333 803 1488 867 quae
1517 795 1643 848 tum
1673 783 1929 866 denique
1958 802 2078 845 non
2110 782 2443 867 appellatur
2470 804 2585 847 re-

416 890 559 935 cens
577 916 596 946 ‚
632 891 811 953 quum
841 878 1145 933 vetustate
1179 869 1447 944 exaruit.
1713 902 1747 935 a

590 1005 751 1069 Haec
780 1005 967 1088 igitur
987 1006 1182 1070 'officia
1214 1016 1354 1070 sunt
1383 1006 1840 1082 consolantium,
1892 1004 2112 1069 tollere
2137 1003 2586 1087 aegritudinem

416 1091 683 1155 funditus
702 1136 719 1167 ‚
760 1101 870 1153 *aut
902 1091 1114 1154 sedare
1134 1138 1151 1167 ‚
1202 1103 1305 1155 aut
1335 1091 1650 1155 detrahere
1696 1111 1872 1173 quam
1904 1089 2246 1173 plurimum,
2300 1100 2402 1152 aut
2433 1096 2617 1173 sup-'

315 1188 383 1240 ’16
412 1176 673 1260 primere
704 1195 814 1237 nec
843 1175 967 1257 pati
996 1196 1243 1239 manare
1275 1177 1514 1260 longius
1534 1187 1692 1253 ‚aut
1721 1176 1796 1239 ad
1827 1176 1947 1239 alia
1975 1175 2311 1253 traducere.
2392 1175 2585 1255 Sunt,

422 1261 523 1344 qui
554 1282 736 1322 unum
770 1259 1020 1323 officium
1052 1261 1421 1326 consolantis
1452 1272 1696 1345 putent,
1745 1262 1968 1325 malum
1999 1260 2146 1322 illud
2177 1261 2417 1324 omnino
2449 1283 2587 1324 non

418 1366 594 1423 esse,
630 1357 695 1409 ut
727 1345 999 1408 Cleanthi
1031 1346 1244 1430 placet.
1339 1347 1524 1425 Sunt,
1573 1347 1673 1430 qui
1719 1367 1843 1409 non
1882 1367 2161 1428 magnum
2204 1345 2449 1423 malum,
2507 1357 2585 1425 ut

414 1431 818 1514 Peripatetici.
871 1431 1056 1509 Sunt,
1094 1432 1193 1515 qui
1225 1432 1518 1496 abducant
1546 1455 1583 1495 a
1612 1433 1787 1497 malis
1819 1432 1894 1495 ad
1924 1432 2080 1494 bona
2099 1477 2116 1508 ‚
2153 1441 2218 1494 ut
2247 1431 2578 1514 Epicurus.

417 1517 588 1592 Sunt,
627 1518 728 1599 qui
758 1516 906 1581 satis
939 1529 1148 1601 putent
1178 1519 1519 1596 ostendere,
1557 1519 1706 1584 nihil
1735 1515 2025 1602 inopinati
2057 1515 2367 1595 accidisse,
2394 1515 2583 1598 [nihil

416 1602 604 1682 mali].
686 1602 1051 1687 Chrysippus
1084 1615 1281 1667 autem
1313 1617 1487 1688 caput
1517 1625 1652 1669 esse
1684 1614 1892 1667 censet
1935 1603 1996 1665 in
2029 1601 2390 1667 consolando
2410 1648 2427 1679 ‚
2464 1602 2580 1664 de-

257 1764 274 1771 ,
303 1745 312 1751 ,
415 1686 659 1751 trahere
689 1687 851 1753 illam
884 1688 1225 1770 opinionem
1257 1690 1575 1766 maerenti,
1612 1691 1664 1755 si
1695 1708 1763 1754 se
1794 1687 2182 1771 officio-fungi
2213 1698 2379 1771 putet
2408 1687 2580 1750 iusto
2658 1739 2669 1749 .

411 1785 589 1856 atque
623 1772 866 1836 debito:
925 1774 1075 1837 Sunt
1105 1775 1284 1838 etiam
1304 1821 1321 1851 ‚
1372 1777 1474 1857 qui
1519 1775 1663 1839 haec
1709 1775 1911 1838 omnia
1954 1793 2181 1857 genera
2222 1773 2583 1838 consolandi

417 1857 701 1941 colligant
740 1859 923 1938 (alius
955 1859 1114 1921 enim
1146 1860 1264 1923 alio
1296 1861 1473 1924 modo
1505 1863 1832 1944 movetur),
1882 1871 1948 1922 ut
1991 1861 2117 1922 fere
2159 1880 2269 1923 nos
2292 1857 2378 1922 ‘in
2410 1857 2586 1922 Con-

415 1943 709 2008 solatione
742 1944 943 2007 omnia
971 1945 1035 2007 in
1066 1945 1539 2010 consolationem
1570 1967 1750 2009 unam
1783 1945 2181 2022 coniecimus3
2232 1953 2364 2007 erat
2407 1943 2583 2006 enim

411 2028 747 2093 'in-tumore
778 2029 1011 2093 animus
1044 2041 1106 2092 et
1135 2031 1330 2094 omnis
1362 2031 1428 2092 in
1458 2051 1529 2094 eo
1560 2027 1906 2094 tentabatur
1935 2030 2185 2092 curatio.

589 2148 705 2210 Sed
752 2143 1102 2212 sumendum
1144 2159 1375 2296 temIpJus
1421 2159 1515 2213 est
1555 2171 1676 2213 non
1704 2149 1903 2213 minus
1945 2149 2009 2211 in
2040 2148 2374 2212 animorum
2406 2169 2574 2210 mor-

415 2231 1181 2380 Βέἓῐὲιιὲιωὲιεέἓιῗονροηιω.
1311 2243 1337 2294 t
1365 2234 1759 2299 Prometheus
1789 2235 1891 2297 ille
1917 2232 2223 2318 Aeschyli,
2259 2233 2356 2297 cui
2387 2255 2581 2315 quum

481 2488 783 2539 Artemisia
829 2488 956 2551 illa,
1011 2504 1077 2537 zu
1115 2488 1438 2540 Alexander-s
1542 2490 1711 2554 codd„
1752 2490 1821 2540 ist
1838 2490 2122 2555 jedeufalls
2147 2490 2472 2557 corrumpirt,
2499 2490 2574 2540 da

411 2554 548 2607 Zeit.
608 2556 714 2607 Das
764 2554 1078 2607 Mausoleum
1121 2558 1300 2607 wurde
1350 2557 1438 2608 be-
1542 2556 1673 2609 dies*
1699 2558 1792 2608 mit
1840 2559 1952 2609 dem
1998 2559 2188 2619 vorher
2226 2559 2573 2624 angeffihrten

412 2624 673 2676 kanntlich
735 2642 801 2675 zu
849 2625 945 2675 den
992 2624 1439 2679 Wunderwerken
1539 2625 1888 2692 Trostgrunde
1955 2626 2043 2679 des
2093 2626 2367 2678 Cleanthes
2416 2626 2576 2677 iiber«-

413 2693 506 2745 der
528 2694 669 2745 alten
695 2694 842 2746 Welt
864 2695 1091 2759 geziihlt.
1122 2693 1435 2760 Vgl.Herod.
1541 2696 1861 2746 einstimmen
1882 2695 2079 2746 wiirde.
2125 2694 2205 2745 Da
2231 2712 2332 2746 nun
2358 2696 2439 2746 bei
2465 2696 2571 2745 den

410 2761 521 2817 v11.
553 2764 651 2829 993
688 2763 824 2816 Plin.
854 2762 918 2813 H.
948 2762 1013 2815 N.
1050 2762 1298 2817 XXXVI.
1330 2765 1381 2814 5.
1525 2764 1732 2822 ,andern
1779 2763 2059 2815 Ansichten
2110 2764 2191 2815 die
2229 2763 2423 2815 Numen
2473 2764 2571 2815 der

480 2865 645 2915 quam
670 2850 764 2900 diu
787 2853 934 2900 vixit
1002 2853 1143 2901 vixit
1167 2858 1231 2888 ..-
1304 2866 1349 2900 8,
1380 2851 1408 2899 7
1537 2833 1723 2899 philos.
1754 2832 1974 2883 Schulen
2010 2832 2286 2896 angeffihrt
2323 2833 2464 2898 sind,
2504 2848 2573 2883 so

411 2916 478 2965 14
503 2932 569 2965 zu
595 2922 804 2982 rem-pit,
835 2887 1084 2983 recf'piat,
1246 2888 1263 2915 ’
1417 2888 1432 2916 '
1539 2902 1628 2951 hat
1655 2903 1809 2952 schon
1835 2901 2076 2953 Davisius
2105 2901 2196 2967 (im
2210 2901 2450 2952 Hinblick
2474 2900 2579 2952 auf

480 2998 565 3050 76.
607 3002 748 3063 effic.
813 3001 1010 3052 consol.
1066 3008 1273 3068 putent
1328 3011 1429 3055 etc.
1540 2970 1625 3033 13’
1655 2969 1719 3020 28
1745 2987 1797 3019 ω
1828 2970 1912 3034 22’
1937 2970 2027 3034 52)
2050 2976 2119 3021 “t
2145 2971 2445 3038 Gymnas&
2478 2968 2571 3020 ffir

407 3064 516 3116 Ans
542 3070 873 3119 consolantis
898 3070 968 3119 ist
993 3069 1168 3120 dicore
1193 3070 1318 3120 oder
1341 3073 1437 3123 ἀο-
1537 3038 1676 3088 mla!
1718 3040 1882 3102 'nah'
1951 3055 2017 3088 ²¹¹
2066 3039 2333 3090 schemen
2381 3052 2570 3103 ww&

410 3150 528 3186 σενα
570 3135 727 3187 leicht
764 3153 830 3186 zu
869 3137 1122 3205 ergiinzen
1142 3175 1157 3202 ,
1206 3139 1305 3190 wie
1341 3139 1430 3200 32,
1537 3105 1796 3171 ⁸⁰hlagen'

409 3204 474 3254 77
493 3221 508 3254 ε
561 3209 731 3256 tertia
778 3205 1087 3269 (medicina)
1126 3212 1236 3269 est,
1287 3223 1434 3258 sum-
1608 3208 1959 3275 Chrysippus.
2022 3208 2142 3274 Vgl.
2181 3225 2245 3259 zu
2272 3208 2314 3259 Ι.
2342 3209 2427 3272 45,
2461 3207 2569 3258 108

406 3288 554 3324 mam
593 3290 706 3324 esse
727 3274 1062 3334 stultitiam5
1095 3272 1185 3324 IV.
1215 3275 1301 3339 38,
1332 3276 1433 3325 83:
1535 3294 1590 3328 u.
1618 3275 1707 3327 111.
1735 3277 1822 3341 22,
1852 3278 1936 3328 52.
2300 3274 2309 3285 ’

407 3345 581 3392 animi
598 3345 914 3393 morborum
947 3357 1056 3393 una
1081 3346 1299 3393 sanatio
1325 3350 1427 3409 ost,

408 3424 588 3463 omnes
616 3411 909 3477 opinabiles
936 3426 1067 3461 csso.

479 3494 758 3559 Cleanthi,
801 3512 844 3546 s,
886 3512 954 3545 zu
989 3494 1055 3547 ll.
1086 3496 1172 3562 25,
1201 3497 1288 3548 60.
1350 3495 1432 3548 Ζιι
2017 3551 2030 3564 ,
2173 3551 2185 3562 ,

408 3563 502 3615 der
554 3564 907 3627 weehselnden
958 3563 1315 3616 Construction
1357 3572 1434 3616 ut
1601 3555 1658 3602 ²7⁸
1710 3557 1924 3631 tumffljss
1972 3567 2067 3615 ‚2¹1¹
2111 3549 2354 3615 thrung
2368 3585 2382 3613 2
2433 3547 2566 3599 Ans·

410 3632 664 3684 Cleanthe·
687 3634 875 3698 placet
896 3660 965 3670 —
990 3640 1058 3685 ut
1077 3635 1206 3685 Peri
1240 3637 1435 3685 atotici
1454 3638 1462 3654 ⁸
1533 3620 1791 3693 Peffissg‘ffiae
1824 3636 1922 3670 Wlfl
1951 3620 2036 3684 12»
2063 3620 2151 3671 26·

407 3699 507 3766 (se.
535 3701 745 3766 dicunt)
770 3700 875 3766 vgl.
904 3703 1064 3754 Acad.
1092 3701 1156 3754 11.
1222 3704 1274 3768 9,
1297 3702 1427 3753 124:
1601 3709 1657 3755 in
1683 3721 1743 3756 co
1760 3741 1775 3770 ,
1815 3705 1955 3756 nicht
1979 3708 2189 3769 animo,
2219 3703 2436 3754 sondern
2467 3709 2561 3754 tu·-

381 3774 475 3831 ⁴ut
529 3769 751 3820 Platoni
804 3771 1023 3843 placuit
1043 3799 1111 3810 —
1135 3778 1206 3822 ut
1253 3771 1434 3823 «Xeno-
1532 3789 1701 3825 more.

407 3843 607 3887 ‘'Pate-³·
1601 3860 1873 3927 Aeschyli.
1936 3858 2106 3912 Prom.
2144 3859 2306 3911 vinct.
2348 3859 2447 3908 377
2475 3873 2558 3926 sq.

474 3923 613 3973 nihil
651 3927 812 3991 mali,
854 3928 937 3978 die
960 3927 1147 3979 Lesart
1173 3927 1278 3978 fast
1300 3927 1434 3978 aller
1534 3927 1728 3994 spricht
1753 3927 2017 3979 Oceanus:
2046 3994 2055 4021 x

1603 3384 1656 3431 si
1674 3407 1743 3417 -—-
1759 3385 1951 3446 putet,
1993 3379 2290 3446 Epexegese
2317 3395 2381 3429 zu
2407 3378 2566 3429 illam

1535 3452 1858 3516 opinionem.
2330 3464 2341 3469 “
