2784 4534
399 281 520 346 108
1089 292 1336 346 LIBER
1365 293 1430 346 11.
1460 293 1548 361 25,
1581 293 1666 347 60.
1699 293 1785 347 ⁶1.

389 452 548 516 enim
567 452 830 537 patriam
861 453 1349 519 Lacedaemoniis
1377 455 1751 539 relinquebat
1769 501 1786 533 ,
1838 474 2012 538 quam
2058 463 2368 538 acceperat
2398 474 2533 517 ser-

388 539 675 603 vientem.
725 539 886 602 Haec
914 550 1056 603 sunt
1085 540 1302 609 solatia
1319 589 1337 619 ,
1373 541 1520 605 haec
1544 542 1808 605 fomenta
1823 559 2200 604 summorum
2231 539 2527 603 dolorum.

276 624 391 694 25²
559 625 734 689 Diees
754 671 771 702 ,
800 624 960 707 ¹quid
989 626 1052 688 in
1082 628 1273 709 paee?
1317 627 1456 711 quid
1487 627 1689 691 domi?
1716 626 1857 710 quid
1885 626 1949 691 in
1979 625 2239 690 lectulo?
2277 625 2370 688 Ad
2400 625 2532 710 phi-

265 723 356 773 ·60
388 709 669 794 losophos
700 730 794 773 me
824 730 1078 776 revocas
1099 758 1116 790 ,
1154 712 1254 796 qui
1282 712 1347 775 in
1378 714 1565 776 aciem
1596 735 1717 777 non
1748 732 1926 796 saepe
1957 713 2268 795 prodeunt.
2317 712 2367 774 E
2399 712 2534 794 qui-

387 794 497 858 bus
543 795 720 859 homo
765 794 909 861 sane
941 797 1128 874 levis,
1177 799 1566 862 Heracleotes
1595 796 1955 883 Dionysius,
2006 818 2185 881 quum
2216 819 2253 860 a
2281 797 2530 861 Zenone

387 880 561 945 fortis
593 901 729 946 esse
761 881 1101 967 didicisset,
1136 906 1170 947 a
1201 882 1411 948 dolore
1441 885 1722 948 dedoctus
1753 895 1868 948 est.
1929 883 2082 947 Nam
2111 905 2289 966 quum
2321 902 2400 946 ex
2429 886 2532 946 re·-

391 966 565 1031 nibus
624 966 925 1031 laboraret
945 1015 963 1045 ,
1028 969 1158 1052 ipso
1200 969 1264 1031 in
1309 971 1536 1035 eiulatu
1581 970 1919 1034 clamitabat
1939 1016 1958 1047 ,
2022 969 2175 1033 falsa
2218 989 2355 1033 esse
2380 969 2525 1046 illa,

391 1073 543 1136 quae
588 1063 766 1117 antea
807 1054 879 1115 de
922 1054 1127 1118 dolore
1173 1055 1301 1138 ipse
1344 1057 1657 1120 sensisset.
1756 1055 1944 1135 Quem
1989 1076 2166 1138 quum
2207 1055 2533 1120 Cleanthes

280 1175 283 1178 ⁴
387 1138 829 1222 condiscipulus
873 1151 1154 1223 rogaret,
1220 1162 1511 1224 quaenam
1567 1141 1725 1207 ratio
1774 1163 1908 1205 eum
1952 1141 2024 1204 de
2077 1141 2378 1205 sententia
2427 1141 2533 1204 de·
2620 1190 2623 1201 .

388 1224 699 1301 duxisset,
736 1226 1078 1308 respondit:
1130 1226 1371 1306 „Quia,
1410 1249 1587 1310 quum
1615 1238 1843 1291 tantum
1876 1247 2093 1311 operae
2122 1226 2533 1311 philosophiae

328 1376 333 1380 ,
388 1309 720 1387 dedissem,
751 1309 1039 1375 dolorem
1069 1322 1268 1375 tamen
1300 1315 1460 1376 ferre
1491 1333 1611 1376 non
1640 1333 1878 1396 possem
1901 1360 1918 1391 ,
1963 1313 2113 1377 satis
2160 1325 2324 1406 esse}
2350 1333 2532 1397 argu-

275 1404 282 1411 '
386 1395 611 1473 menti,
661 1396 880 1458 malum
920 1416 1057 1461 esse
1102 1398 1391 1462 dolorem.
1454 1399 1762 1465 *Plurimos
1793 1410 1993 1469 autem
2022 1419 2212 1463 annos
2244 1399 2308 1462 in
2338 1398 2535 1482 philo-

387 1480 600 1565 sophia
613 1483 965 1566 „consumpsi
986 1529 1002 1559 ,
1039 1503 1149 1546 nee
1179 1485 1340 1548 ferre
1371 1500 1648 1568 possum3
1684 1486 1902 1549 malum
1935 1494 2030 1547 est
2057 1485 2244 1570 igitur
2272 1485 2529 1549 dolor.“

389 1567 540 1630 Tum
574 1566 954 1645 Cleanthem,
1006 1590 1183 1651 quum
1227 1570 1374 1654 pede
1419 1581 1642 1635 terram
1687 1571 2119 1655 percussisset,
2170 1584 2415 1636 versum
2446 1590 2532 1634 ex

386 1653 673 1737 Epigonis
704 1655 905 1716 ferunt
932 1655 1164 1719 dixisse
1190 1681 1205 1717 ε
1460 1668 1471 1683 ’
1800 1723 1804 1733 ,

604 1736 892 1802 Audis-ne
922 1741 1074 1803 haec
1093 1788 1110 1819 ,
1144 1741 1580 1827 Amphiarai&
1613 1744 1729 1807 sub
1761 1753 1995 1806 terram
2025 1741 2288 1823 abdite?

288 1837 348 1888 61
385 1822 695 1888 Zenonem
725 1824 1115 1908 significabat,
1150 1848 1185 1890 a
1216 1849 1330 1910 quo
1360 1827 1529 1890 illum
1560 1828 1925 1911 degenerare
1950 1827 2207 1891 dolebat.
2296 1828 2378 1890 At
2405 1848 2530 1891 non

386 1922 597 1975 noster
625 1911 1013 1989 Posidonius,
1049 1934 1222 1995 quem
1254 1925 1315 1976 et
1344 1914 1473 1998 ipse
1503 1934 1682 1998 saepe
1711 1914 1875 1993 vidi,
1924 1925 1985 1978 et
2014 1914 2073 1977 id
2103 1914 2331 1993 dicam,
2368 1914 2529 1997 quod

2605 1298 2637 1331 0

385 2120 560 2171 accep.
601 2119 739 2154 serv.
793 2103 882 2154 Boi
910 2105 1175 2172 doppelten
1204 2105 1407 2170 Gegen-

384 2172 724 2238 satzeffiwird
765 2173 857 2223 der
891 2173 1159 2224 Chiasmus
1194 2190 1295 2224 von
1317 2175 1406 2225 ci-
1438 2210 1439 2213 ,

384 2257 500 2293 cero
550 2239 654 2291 fast
701 2241 1031 2306 regelmfissig
1078 2243 1397 2307 angewandt.

381 2308 497 2375 Vgl.
529 2308 569 2359 ῐ.
599 2310 686 2372 49,
718 2310 834 2360 118.

437 2378 727 2444 fomenta,
766 2380 863 2428 wie
891 2379 951 2429 de
977 2379 1062 2430 fin.
1093 2378 1159 2430 11.
1186 2381 1272 2445 29,
1302 2382 1402 2431 95:

385 2447 647 2509 Virtutis,
676 2448 1073 2513 magnitudinis
1093 2453 1275 2515 animi,
1298 2467 1405 2517 pa-

384 2518 625 2578 tientiae,
640 2516 1003 2581 fortitudinis
1013 2519 1285 2583 fomentis·
1310 2520 1425 2583 εἰσ-χ

384 2584 471 2635 lor
492 2587 621 2634 miti
655 2588 747 2634 ari
766 2586 922 2637 solet.

451 2648 554 2708 25.
606 2600 692 2704 (ξι).
741 2654 1039 2723 Dionysius
1087 2657 1155 2707 ist
1216 2657 1405 2708 nicht

381 2722 474 2773 der
525 2722 608 2787 11,
648 2724 714 2774 26
757 2725 1016 2776 erwahnte
1063 2727 1247 2789 (daher
1291 2726 1404 2777 hier

382 2791 482 2841 und
508 2789 597 2842 111.
628 2793 679 2857 9,
699 2794 761 2843 18
788 2793 1128 2846 Heracleotes
1152 2810 1403 2861 vorange-

335 2848 358 2875 “
382 2860 546 2924 stellt)
564 2897 578 2921 ,
635 2862 853 2912 sondern
903 2863 984 2914 ein
1033 2864 1254 2928 alteror,
1308 2879 1403 2915 aus

381 2928 633 2980 Heraclea
657 2931 706 2979 in
735 2928 1269 2997 Grossgriechenland,
1303 2933 1404 2984 Ze-

381 3012 475 3046 nos
500 2995 747 3061 Schiiler‚
785 3000 879 3050 der
901 3001 1058 3050 durch
1083 3001 1401 3068 kerperliehe

306 3069 320 3080 ⁸
380 3063 575 3114 Leiden
620 3080 719 3115 von
768 3067 865 3118 deu
915 3067 1151 3119 Stoikern
1197 3083 1266 3121 zu
1302 3071 1400 3121 den

382 3133 730 3199 Cyrenaikern
778 3136 903 3186 oder
938 3135 1256 3202 Epikureern
1292 3139 1407 3190 hin-³

381 3201 715 3266 iibergeffibrt
737 3204 912 3254 wurde
927 3242 943 3269 ‚
982 3205 1142 3256 daher
1159 3200 1203 3256 ·ὃ
1225 3221 1403 3275 μετα·

380 3271 616 3340 θέμενᾳς
639 3280 879 3341 genennt.
1203 3272 1216 3277 “

351 3380 362 3385 ,
453 3340 709 3395 dedoctus
740 3347 848 3405 ese,
892 3341 1133 3410 Bentleys
1156 3343 1399 3397 treffliche

380 3407 715 3460 Emendation
778 3411 869 3460 der
923 3411 1162 3462 hdschftl.
1213 3410 1402 3463 Lesart

382 3477 644 3528 deductus
670 3485 770 3530 est.
806 3478 921 3545 vgl.
953 3480 1015 3549 de
1040 3479 1125 3533 fin.
1157 3479 1196 3531 1.
1224 3482 1276 3546 6,
1296 3482 1396 3533 20:

379 3550 433 3597 si
453 3562 486 3596 a
511 3547 780 3615 Polyaeno
813 3552 1171 3616 geometriam
1197 3549 1400 3602 discere

379 3616 680 3681 maluisset,
698 3633 862 3683 quam
874 3618 1026 3668 illam
1042 3622 1205 3670 etiam
1219 3623 1397 3687 ipsum

383 3684 654 3735 dedocere.

451 3769 519 3802 ea:
533 3755 766 3807 renibus,
797 3752 937 3806 Naeh
958 3754 1105 3822 Diog.
1119 3756 1183 3807 L.
1198 3756 1311 3809 vll.
1329 3759 1394 3809 37

382 3821 610 3885 dagegen
649 3824 750 3873 und
780 3822 889 3875 Cic.
918 3825 981 3876 de
1005 3825 1093 3877 fin.
1120 3825 1186 3877 V.
1213 3827 1299 3891 31,
1328 3828 1396 3878 94

380 3904 491 3939 war
513 3906 579 3940 es·
592 3891 706 3942 eine
730 3892 1199 3959 Angenkrankheit.

413 3971 435 3979 ·
451 3958 761 4027 Cleanthes,
802 3977 898 4014 aus
920 3967 1080 4015 Assus
1103 3965 1154 4014 in
1178 3963 1394 4036 Lyeien,

1508 2105 1676 2157 Zenos
1718 2103 2026 2173 Naebfo'lger
2071 2108 2121 2157 in
2171 2107 2263 2174 der
2305 2098 2534 2172 Leitung

1508 2176 1599 2226 der
1628 2174 1774 2257 Simo.
2136 2176 2140 2185 '
2267 2225 2277 2233 ,

1581 2261 1718 2327 Quia
1757 2262 1937 2327 gehort
1973 2261 2066 2312 mit
2089 2261 2196 2326 (id)
2219 2266 2362 2314 satis
2388 2269 2533 2315 esset

1508 2334 1822 2396 argumenti
1832 2345 2123 2382 zusammen
2139 2350 2153 2396 ς
2174 2338 2354 2382 tamen
2367 2334 2460 2397 (=
2473 2339 2536 2384 et·

1511 2405 1710 2461 tamen)
1759 2400 1886 2449 noch
1924 2414 1988 2449 zu
2026 2417 2208 2467 quum.
2260 2400 2529 2466 (Dagegen

1505 2469 1615 2519 will
1639 2467 1846 2532 Madvig
1868 2496 1937 2506 —
1961 2484 2026 2518 zu
2050 2469 2112 2519 de
2137 2469 2221 2519 fin.
2242 2486 2299 2548 p.
2333 2471 2433 2520 789
2457 2499 2531 2510 —

1507 2539 1620 2589 hier
1664 2541 1717 2588 si
1752 2537 2007 2588 zwischen
2055 2542 2183 2604 qnia
2222 2539 2323 2589 un'd
2360 2555 2533 2606 quum

1506 2605 1867 2669 einschalten.)
1914 2605 2009 2657 Die
2035 2606 2375 2672 Coannetive
2398 2607 2534 2658 Pra‘-

1505 2675 1647 2726 teriti
1673 2675 1869 2739 stenen,
1897 2675 2016 2725 weil
2040 2676 2104 2727 D.
2134 2676 2218 2726 die
2244 2674 2523 2728 Gedanken

1498 2744 1821 2810 ausspricht,
1866 2743 1946 2795 die
1970 2744 2055 2794 ibn
2095 2745 2342 2795 damals
2377 2746 2531 2796 leite-

1503 2821 1620 2878 ten,
1658 2828 1737 2862 wo
1776 2827 1835 2863 er
1872 2813 2010 2863 seiue
2045 2814 2257 2865 Ansicht
2290 2814 2526 2867 anderte.

1505 2881 1600 2933 Die
1641 2882 1906 2947 folgenden
1946 2881 2129 2933 Worte
2165 2883 2438 2934 Plurimos·
2456 2913 2530 2922 —-

1506 2951 1663 3001 dolor
1687 2952 1878 3017 sprieht
1902 2965 1960 3001 er
1975 2951 2201 3016 dagegen
2215 2967 2331 3002 vom
2342 2951 2530 3004 Stand-

1502 3019 1663 3086 punkt
1686 3020 1779 3069 der
1803 3017 2126 3084 Gegenwart.

1574 3137 1643 3171 ex
1685 3123 1962 3193 Epigonis.
2031 3121 2170 3187 „Die
2217 3122 2529 3191 Ερίςοιιεειιιι

1504 3192 1580 3255 (d.
1608 3190 1660 3241 h.
1704 3189 1872 3245 Stilme
1910 3191 2002 3242 der
2039 3191 2224 3243 Sieben
2258 3207 2353 3245 vor
2391 3192 2529 3244 The-

1502 3259 1624 3324 ben)
1661 3275 1757 3310 von
1790 3261 2077 3328 Aeschylus
2112 3260 2406 3321 iibersetzte
2425 3262 2528 3314 Ac-

1504 3345 1633 3381 ems.

1569 3415 1968 3481 Amphiaraus,
2010 3416 2103 3466 der
2128 3415 2288 3468 Seher
2312 3432 2405 3469 aus
2426 3417 2530 3468 Ar-

1501 3499 1622 3550 gos,
1664 3484 1755 3535 der
1790 3484 1945 3537 durch
1984 3484 2082 3535 den
2105 3483 2327 3536 Veri-oth
2354 3487 2527 3537 seiner

1503 3550 1676 3603 Gattin
1702 3546 1858 3619 Eriph
1899 3552 1947 3603 le
1973 3568 2053 3604 am
2080 3554 2128 3605 1.
2155 3554 2525 3606 thebanischen

1500 3618 1687 3685 Rriege
1759 3622 1866 3672 thei
1888 3623 2165 3673 zunehmen
2238 3625 2520 3689 geniitbigt,

1501 3689 1626 3740 aber
1685 3689 1883 3741 alsbald
1938 3706 2037 3741 von
2086 3692 2177 3743 der
2221 3691 2358 3743 Erde
2404 3708 2528 3743 ver—

1500 3759 1776 3822 schlungen
1813 3761 2007 3811 wurde.
2033 3788 2104 3798 —
2126 3760 2234 3812 Das
2260 3760 2400 3812 citat
2431 3762 2539 3827 ber,

1497 3827 1676 3892 weist,
1718 3827 1837 3879 dass
1874 3827 2015 3879 Zeno
2052 3830 2206 3880 sehon
2242 3831 2354 3880 todt
2386 3846 2522 3894 war,

1500 3897 1577 3947 als
1625 3896 1898 3947 Cleanthes
1957 3897 2066 3948 dies
2116 3896 2373 3966 Gesprich
2425 3899 2525 3949 mit.

1500 3964 1774 4032 Dionysius
1796 3965 1956 4017 batte.
