<?xml version="1.0" encoding="UTF-8"?>
<!DOCTYPE html PUBLIC "-//W3C//DTD XHTML 1.0 Transitional//EN"
    "http://www.w3.org/TR/xhtml1/DTD/xhtml1-transitional.dtd">
<html xmlns="http://www.w3.org/1999/xhtml" xml:lang="en" lang="en">
 <head>
  <title>
</title>
<meta http-equiv="Content-Type" content="text/html;charset=utf-8" />
  <meta name='ocr-system' content='tesseract 3.04.00' />
  <meta name='ocr-capabilities' content='ocr_page ocr_carea ocr_par ocr_line ocrx_word'/>
</head>
<body>
  <div class='ocr_page' id='page_1' title='image "./mtulliiciceroni01sorogoog_0217.png"; bbox 0 0 2784 4534; ppageno 0'>
   <div class='ocr_carea' id='block_1_1' title="bbox 191 304 2519 1241">
    <p class='ocr_par' dir='ltr' id='par_1_1' title="bbox 249 304 2415 642">
     <span class='ocr_line' id='line_1_1' title="bbox 327 304 2411 387; baseline 0 -20"><span class='ocrx_word' id='word_1_1' title='bbox 327 358 354 387; x_wconf 81' lang='grc'><strong>,</strong></span> <span class='ocrx_word' id='word_1_2' title='bbox 455 304 474 317; x_wconf 76' lang='lat'><strong><em>‘</em></strong></span> <span class='ocrx_word' id='word_1_3' title='bbox 971 313 1226 369; x_wconf 68' lang='lat' dir='ltr'><strong>menn</strong></span> <span class='ocrx_word' id='word_1_4' title='bbox 1253 311 1341 367; x_wconf 90' lang='lat' dir='ltr'><strong>1v.</strong></span> <span class='ocrx_word' id='word_1_5' title='bbox 1374 313 1462 381; x_wconf 82' lang='lat'><strong>31,</strong></span> <span class='ocrx_word' id='word_1_6' title='bbox 1494 314 1581 369; x_wconf 73' lang='grc'><strong>(11.</strong></span> <span class='ocrx_word' id='word_1_7' title='bbox 1615 315 1699 368; x_wconf 79' lang='lat' dir='ltr'><strong>cc.</strong></span> <span class='ocrx_word' id='word_1_8' title='bbox 2290 304 2411 367; x_wconf 78' lang='grc'><strong>199</strong></span> 
     </span>
     <span class='ocr_line' id='line_1_2' title="bbox 249 460 2415 559; baseline 0.002 -25"><span class='ocrx_word' id='word_1_9' title='bbox 249 460 328 535; x_wconf 54' lang='lat' dir='ltr'><strong>‘et</strong></span> <span class='ocrx_word' id='word_1_10' title='bbox 358 472 639 557; x_wconf 87' lang='lat' dir='ltr'><strong>proximo</strong></span> <span class='ocrx_word' id='word_1_11' title='bbox 688 474 782 537; x_wconf 86' lang='lat' dir='ltr'><strong>die</strong></span> <span class='ocrx_word' id='word_1_12' title='bbox 816 474 1176 559; x_wconf 88' lang='lat' dir='ltr'><strong>disputatum</strong></span> <span class='ocrx_word' id='word_1_13' title='bbox 1219 485 1336 538; x_wconf 86' lang='lat' dir='ltr'><strong>est.</strong></span> <span class='ocrx_word' id='word_1_14' title='bbox 1431 473 1594 553; x_wconf 84' lang='lat' dir='ltr'><strong>Quae</strong></span> <span class='ocrx_word' id='word_1_15' title='bbox 1637 474 1690 538; x_wconf 90' lang='lat' dir='ltr'><strong>si</strong></span> <span class='ocrx_word' id='word_1_16' title='bbox 1736 475 1984 558; x_wconf 84' lang='lat' dir='ltr'><strong>probata</strong></span> <span class='ocrx_word' id='word_1_17' title='bbox 2026 485 2207 552; x_wconf 84' lang='lat' dir='ltr'><strong>sunt,</strong></span> <span class='ocrx_word' id='word_1_18' title='bbox 2251 464 2415 539; x_wconf 84' lang='grc'><strong>1116111</strong></span> 
     </span>
     <span class='ocr_line' id='line_1_3' title="bbox 258 560 1321 642; baseline 0 -19"><span class='ocrx_word' id='word_1_19' title='bbox 258 580 483 642; x_wconf 81' lang='lat' dir='ltr'><strong>magua</strong></span> <span class='ocrx_word' id='word_1_20' title='bbox 513 577 593 621; x_wconf 87' lang='lat' dir='ltr'><strong>ex</strong></span> <span class='ocrx_word' id='word_1_21' title='bbox 624 569 791 642; x_wconf 85' lang='lat' dir='ltr'><strong>parte</strong></span> <span class='ocrx_word' id='word_1_22' title='bbox 823 560 1058 624; x_wconf 87' lang='lat' dir='ltr'><strong>liberati</strong></span> <span class='ocrx_word' id='word_1_23' title='bbox 1090 581 1321 626; x_wconf 86' lang='lat' dir='ltr'><strong>sumus.</strong></span> 
     </span>
    </p>

    <p class='ocr_par' dir='ltr' id='par_1_2' title="bbox 258 637 2519 991">
     <span class='ocr_line' id='line_1_4' title="bbox 436 637 2519 729; baseline 0.001 -23"><span class='ocrx_word' id='word_1_24' title='bbox 436 642 525 706; x_wconf 85' lang='lat' dir='ltr'><strong>Ac</strong></span> <span class='ocrx_word' id='word_1_25' title='bbox 556 644 629 707; x_wconf 89' lang='lat' dir='ltr'><strong>de</strong></span> <span class='ocrx_word' id='word_1_26' title='bbox 660 646 950 711; x_wconf 89' lang='lat' dir='ltr'><strong>malorum</strong></span> <span class='ocrx_word' id='word_1_27' title='bbox 983 646 1263 729; x_wconf 84' lang='lat' dir='ltr'><strong>opinione</strong></span> <span class='ocrx_word' id='word_1_28' title='bbox 1295 645 1607 709; x_wconf 76' lang='lat' dir='ltr'><strong>haetenus·</strong></span> <span class='ocrx_word' id='word_1_29' title='bbox 1656 644 1979 710; x_wconf 80' lang='lat' dir='ltr'><strong>Videamus</strong></span> <span class='ocrx_word' id='word_1_30' title='bbox 2011 667 2170 709; x_wconf 84' lang='lat' dir='ltr'><strong>nunc</strong></span> <span class='ocrx_word' id='word_1_31' title='bbox 2200 645 2274 708; x_wconf 93' lang='grc'><strong>(16</strong></span> <span class='ocrx_word' id='word_1_32' title='bbox 2292 637 2408 708; x_wconf 78' lang='lat' dir='ltr'><strong>bo·</strong></span> <span class='ocrx_word' id='word_1_33' title='bbox 2437 645 2519 716; x_wconf 75' lang='lat'><strong>81</strong></span> 
     </span>
     <span class='ocr_line' id='line_1_5' title="bbox 260 729 2513 815; baseline 0 -22"><span class='ocrx_word' id='word_1_34' title='bbox 260 749 517 806; x_wconf 84' lang='lat' dir='ltr'><strong>norum,</strong></span> <span class='ocrx_word' id='word_1_35' title='bbox 554 729 612 792; x_wconf 90' lang='lat' dir='ltr'><strong>id</strong></span> <span class='ocrx_word' id='word_1_36' title='bbox 643 743 738 794; x_wconf 90' lang='lat' dir='ltr'><strong>est</strong></span> <span class='ocrx_word' id='word_1_37' title='bbox 766 733 838 794; x_wconf 97' lang='grc'><strong>(16</strong></span> <span class='ocrx_word' id='word_1_38' title='bbox 868 731 1097 795; x_wconf 85' lang='grc'><strong>16611116</strong></span> <span class='ocrx_word' id='word_1_39' title='bbox 1123 743 1190 813; x_wconf 40' lang='lat' dir='ltr'><strong>‚et</strong></span> <span class='ocrx_word' id='word_1_40' title='bbox 1219 731 1292 793; x_wconf 91' lang='lat' dir='ltr'><strong>de</strong></span> <span class='ocrx_word' id='word_1_41' title='bbox 1322 731 1661 815; x_wconf 89' lang='lat' dir='ltr'><strong>cupiditate.</strong></span> <span class='ocrx_word' id='word_1_42' title='bbox 1739 730 1887 793; x_wconf 88' lang='lat' dir='ltr'>Mihi</span> <span class='ocrx_word' id='word_1_43' title='bbox 1917 730 2153 814; x_wconf 90' lang='lat' dir='ltr'><strong>quidem</strong></span> <span class='ocrx_word' id='word_1_44' title='bbox 2195 733 2259 795; x_wconf 90' lang='lat' dir='ltr'><strong>in</strong></span> <span class='ocrx_word' id='word_1_45' title='bbox 2289 742 2513 796; x_wconf 82' lang='lat' dir='ltr'><strong>tota-65</strong></span> 
     </span>
     <span class='ocr_line' id='line_1_6' title="bbox 258 815 2414 901; baseline 0.002 -25"><span class='ocrx_word' id='word_1_46' title='bbox 258 815 508 878; x_wconf 83' lang='lat' dir='ltr'><strong>ratione</strong></span> <span class='ocrx_word' id='word_1_47' title='bbox 552 834 622 879; x_wconf 89' lang='grc'><strong>66</strong></span> <span class='ocrx_word' id='word_1_48' title='bbox 641 862 658 892; x_wconf 87' lang='grc'><em>,</em></span> <span class='ocrx_word' id='word_1_49' title='bbox 723 836 875 900; x_wconf 72' lang='lat' dir='ltr'><strong>quae</strong></span> <span class='ocrx_word' id='word_1_50' title='bbox 917 817 1176 901; x_wconf 81' lang='lat' dir='ltr'><strong>pertinet</strong></span> <span class='ocrx_word' id='word_1_51' title='bbox 1218 815 1292 880; x_wconf 92' lang='lat' dir='ltr'><strong>ad</strong></span> <span class='ocrx_word' id='word_1_52' title='bbox 1334 816 1518 880; x_wconf 88' lang='lat' dir='ltr'><strong>animi</strong></span> <span class='ocrx_word' id='word_1_53' title='bbox 1559 816 2102 901; x_wconf 77' lang='lat' dir='ltr'><strong>perturbationem,</strong></span> <span class='ocrx_word' id='word_1_54' title='bbox 2149 836 2272 879; x_wconf 90' lang='lat' dir='ltr'><strong>una</strong></span> <span class='ocrx_word' id='word_1_55' title='bbox 2312 836 2414 880; x_wconf 88' lang='lat' dir='ltr'><strong>res</strong></span> 
     </span>
     <span class='ocr_line' id='line_1_7' title="bbox 258 900 2409 991; baseline 0.001 -29"><span class='ocrx_word' id='word_1_56' title='bbox 258 900 509 963; x_wconf 87' lang='lat' dir='ltr'><strong>videtur</strong></span> <span class='ocrx_word' id='word_1_57' title='bbox 538 921 810 991; x_wconf 82' lang='lat' dir='ltr'><strong>caussam</strong></span> <span class='ocrx_word' id='word_1_58' title='bbox 830 902 1143 965; x_wconf 89' lang='lat' dir='ltr'><strong>continere</strong></span> <span class='ocrx_word' id='word_1_59' title='bbox 1164 948 1181 978; x_wconf 92' lang='lat'><strong>,</strong></span> <span class='ocrx_word' id='word_1_60' title='bbox 1218 922 1431 966; x_wconf 88' lang='lat' dir='ltr'><strong>omnes</strong></span> <span class='ocrx_word' id='word_1_61' title='bbox 1460 921 1561 966; x_wconf 90' lang='grc'><strong>663</strong></span> <span class='ocrx_word' id='word_1_62' title='bbox 1591 922 1728 987; x_wconf 74' lang='lat' dir='ltr'><strong>esse</strong></span> <span class='ocrx_word' id='word_1_63' title='bbox 1757 902 1822 966; x_wconf 90' lang='lat' dir='ltr'><strong>in</strong></span> <span class='ocrx_word' id='word_1_64' title='bbox 1851 912 2061 966; x_wconf 85' lang='lat' dir='ltr'><strong>nostra</strong></span> <span class='ocrx_word' id='word_1_65' title='bbox 2090 912 2409 985; x_wconf 71' lang='lat' dir='ltr'><strong>potestate,</strong></span> 
     </span>
    </p>

    <p class='ocr_par' dir='ltr' id='par_1_3' title="bbox 191 979 2501 1241">
     <span class='ocr_line' id='line_1_8' title="bbox 191 979 2501 1072; baseline -0.001 -21"><span class='ocrx_word' id='word_1_66' title='bbox 191 979 230 1051; x_wconf 58' lang='lat' dir='ltr'><strong><em>f</em></strong></span> <span class='ocrx_word' id='word_1_67' title='bbox 257 1006 477 1049; x_wconf 89' lang='lat' dir='ltr'><strong>omnes</strong></span> <span class='ocrx_word' id='word_1_68' title='bbox 507 986 727 1051; x_wconf 91' lang='lat' dir='ltr'><strong>iudicio</strong></span> <span class='ocrx_word' id='word_1_69' title='bbox 759 998 1105 1071; x_wconf 78' lang='lat' dir='ltr'><strong>susceptas,</strong></span> <span class='ocrx_word' id='word_1_70' title='bbox 1155 1006 1365 1069; x_wconf 86' lang='lat' dir='ltr'><strong>omnes</strong></span> <span class='ocrx_word' id='word_1_71' title='bbox 1410 987 1804 1051; x_wconf 72' lang='lat' dir='ltr'><strong>voluntarias.</strong></span> <span class='ocrx_word' id='word_1_72' title='bbox 1884 986 1994 1050; x_wconf 88' lang='lat' dir='ltr'><strong>Hic</strong></span> <span class='ocrx_word' id='word_1_73' title='bbox 2023 987 2211 1072; x_wconf 83' lang='lat' dir='ltr'><strong>igitur</strong></span> <span class='ocrx_word' id='word_1_74' title='bbox 2241 1006 2416 1050; x_wconf 88' lang='lat' dir='ltr'><strong>error</strong></span> <span class='ocrx_word' id='word_1_75' title='bbox 2498 1020 2501 1025; x_wconf 93' lang='lat'>·</span> 
     </span>
     <span class='ocr_line' id='line_1_9' title="bbox 257 1071 2415 1157; baseline 0.001 -24"><span class='ocrx_word' id='word_1_76' title='bbox 257 1073 359 1134; x_wconf 85' lang='lat' dir='ltr'><strong>est</strong></span> <span class='ocrx_word' id='word_1_77' title='bbox 393 1071 734 1155; x_wconf 86' lang='lat' dir='ltr'><strong>eripiendus</strong></span> <span class='ocrx_word' id='word_1_78' title='bbox 756 1120 774 1151; x_wconf 92' lang='lat'><strong>,</strong></span> <span class='ocrx_word' id='word_1_79' title='bbox 825 1072 971 1137; x_wconf 90' lang='grc'><strong>11666</strong></span> <span class='ocrx_word' id='word_1_80' title='bbox 1014 1071 1375 1137; x_wconf 87' lang='lat' dir='ltr'><strong>detrahenda</strong></span> <span class='ocrx_word' id='word_1_81' title='bbox 1407 1073 1605 1156; x_wconf 90' lang='lat' dir='ltr'><strong>opinio</strong></span> <span class='ocrx_word' id='word_1_82' title='bbox 1647 1084 1857 1155; x_wconf 91' lang='lat' dir='ltr'><strong>atque,</strong></span> <span class='ocrx_word' id='word_1_83' title='bbox 1894 1072 2053 1136; x_wconf 86' lang='lat' dir='ltr'><strong>utin</strong></span> <span class='ocrx_word' id='word_1_84' title='bbox 2083 1073 2258 1137; x_wconf 84' lang='lat' dir='ltr'><strong>malis</strong></span> <span class='ocrx_word' id='word_1_85' title='bbox 2288 1073 2415 1157; x_wconf 78' lang='lat' dir='ltr'><strong>opi·-</strong></span> 
     </span>
     <span class='ocr_line' id='line_1_10' title="bbox 259 1157 2415 1241; baseline 0.002 -23"><span class='ocrx_word' id='word_1_86' title='bbox 259 1157 427 1221; x_wconf 90' lang='lat' dir='ltr'><strong>natis</strong></span> <span class='ocrx_word' id='word_1_87' title='bbox 457 1158 828 1237; x_wconf 77' lang='lat' dir='ltr'><strong>tolerabilia,</strong></span> <span class='ocrx_word' id='word_1_88' title='bbox 865 1159 953 1223; x_wconf 89' lang='lat' dir='ltr'><strong>sic</strong></span> <span class='ocrx_word' id='word_1_89' title='bbox 984 1159 1047 1222; x_wconf 88' lang='lat' dir='ltr'><strong>in</strong></span> <span class='ocrx_word' id='word_1_90' title='bbox 1076 1158 1248 1223; x_wconf 91' lang='lat' dir='ltr'><strong>bonis</strong></span> <span class='ocrx_word' id='word_1_91' title='bbox 1280 1159 1579 1223; x_wconf 85' lang='lat' dir='ltr'><strong>sedatiora</strong></span> <span class='ocrx_word' id='word_1_92' title='bbox 1608 1169 1749 1221; x_wconf 88' lang='lat' dir='ltr'><strong>sunt</strong></span> <span class='ocrx_word' id='word_1_93' title='bbox 1778 1157 2083 1225; x_wconf 86' lang='lat' dir='ltr'><strong>efficienda</strong></span> <span class='ocrx_word' id='word_1_94' title='bbox 2113 1176 2219 1236; x_wconf 87' lang='lat' dir='ltr'><strong>ea,</strong></span> <span class='ocrx_word' id='word_1_95' title='bbox 2263 1177 2415 1241; x_wconf 89' lang='lat' dir='ltr'><strong>quae</strong></span> 
     </span>
    </p>
   </div>
   <div class='ocr_carea' id='block_1_2' title="bbox 148 1238 2647 1425">
    <p class='ocr_par' dir='ltr' id='par_1_4' title="bbox 148 1238 2647 1425">
     <span class='ocr_line' id='line_1_11' title="bbox 148 1238 2416 1327; baseline 0.002 -24"><span class='ocrx_word' id='word_1_96' title='bbox 148 1270 156 1274; x_wconf 89' lang='lat'><strong>·</strong></span> <span class='ocrx_word' id='word_1_97' title='bbox 209 1272 214 1276; x_wconf 91' lang='lat'><strong>·</strong></span> <span class='ocrx_word' id='word_1_98' title='bbox 259 1263 486 1327; x_wconf 77' lang='lat' dir='ltr'><strong>magna</strong></span> <span class='ocrx_word' id='word_1_99' title='bbox 516 1253 577 1305; x_wconf 89' lang='lat' dir='ltr'><strong>et</strong></span> <span class='ocrx_word' id='word_1_100' title='bbox 605 1244 905 1309; x_wconf 88' lang='lat' dir='ltr'><strong>laetabilia</strong></span> <span class='ocrx_word' id='word_1_101' title='bbox 935 1238 1251 1308; x_wconf 76' lang='lat' dir='ltr'><strong>ducuntur.</strong></span> <span class='ocrx_word' id='word_1_102' title='bbox 1311 1243 1507 1327; x_wconf 85' lang='lat' dir='ltr'><strong>Atque</strong></span> <span class='ocrx_word' id='word_1_103' title='bbox 1539 1244 1650 1310; x_wconf 82' lang='grc'><strong>1106</strong></span> <span class='ocrx_word' id='word_1_104' title='bbox 1680 1244 1914 1327; x_wconf 86' lang='grc'><strong>(1616616</strong></span> <span class='ocrx_word' id='word_1_105' title='bbox 1946 1264 2257 1307; x_wconf 85' lang='lat' dir='ltr'><strong>commune</strong></span> <span class='ocrx_word' id='word_1_106' title='bbox 2288 1266 2416 1308; x_wconf 85' lang='lat' dir='ltr'><strong>ma-</strong></span> 
     </span>
     <span class='ocr_line' id='line_1_12' title="bbox 260 1327 2647 1425; baseline 0.001 -36"><span class='ocrx_word' id='word_1_107' title='bbox 260 1327 465 1391; x_wconf 91' lang='lat' dir='ltr'><strong>lorum</strong></span> <span class='ocrx_word' id='word_1_108' title='bbox 511 1339 572 1391; x_wconf 90' lang='lat' dir='ltr'><strong>et</strong></span> <span class='ocrx_word' id='word_1_109' title='bbox 612 1329 941 1407; x_wconf 88' lang='lat' dir='ltr'><strong>bonorum,</strong></span> <span class='ocrx_word' id='word_1_110' title='bbox 992 1340 1097 1407; x_wconf 89' lang='lat' dir='ltr'><strong>ut,</strong></span> <span class='ocrx_word' id='word_1_111' title='bbox 1155 1330 1208 1393; x_wconf 92' lang='lat' dir='ltr'><strong>si</strong></span> <span class='ocrx_word' id='word_1_112' title='bbox 1249 1331 1365 1393; x_wconf 91' lang='lat' dir='ltr'><strong>iam</strong></span> <span class='ocrx_word' id='word_1_113' title='bbox 1412 1329 1646 1394; x_wconf 87' lang='lat' dir='ltr'><strong>difficile</strong></span> <span class='ocrx_word' id='word_1_114' title='bbox 1693 1329 1774 1393; x_wconf 90' lang='lat' dir='ltr'><strong>sit</strong></span> <span class='ocrx_word' id='word_1_115' title='bbox 1816 1330 2218 1413; x_wconf 87' lang='lat' dir='ltr'><strong>persuadere,</strong></span> <span class='ocrx_word' id='word_1_116' title='bbox 2262 1329 2416 1402; x_wconf 85' lang='lat' dir='ltr'><strong>nihil</strong></span> <span class='ocrx_word' id='word_1_117' title='bbox 2498 1409 2521 1415; x_wconf 47' lang='lat'>-</span> <span class='ocrx_word' id='word_1_118' title='bbox 2560 1420 2577 1425; x_wconf 38' lang='lat'>-</span> <span class='ocrx_word' id='word_1_119' title='bbox 2635 1334 2647 1347; x_wconf 92' lang='lat'><em>&#39;</em></span> 
     </span>
    </p>
   </div>
   <div class='ocr_carea' id='block_1_3' title="bbox 228 1414 2516 2438">
    <p class='ocr_par' dir='ltr' id='par_1_5' title="bbox 228 1414 2516 2438">
     <span class='ocr_line' id='line_1_13' title="bbox 258 1414 2415 1500; baseline 0.001 -25"><span class='ocrx_word' id='word_1_120' title='bbox 258 1432 473 1479; x_wconf 83' lang='lat' dir='ltr'><strong>earum</strong></span> <span class='ocrx_word' id='word_1_121' title='bbox 503 1434 739 1491; x_wconf 83' lang='lat' dir='ltr'><strong>rerum,</strong></span> <span class='ocrx_word' id='word_1_122' title='bbox 805 1436 953 1498; x_wconf 90' lang='lat' dir='ltr'><strong>quae</strong></span> <span class='ocrx_word' id='word_1_123' title='bbox 994 1416 1345 1500; x_wconf 84' lang='lat' dir='ltr'><strong>perturbent</strong></span> <span class='ocrx_word' id='word_1_124' title='bbox 1390 1416 1651 1478; x_wconf 89' lang='lat' dir='ltr'><strong>animum</strong></span> <span class='ocrx_word' id='word_1_125' title='bbox 1673 1462 1691 1493; x_wconf 96' lang='lat'><strong>,</strong></span> <span class='ocrx_word' id='word_1_126' title='bbox 1737 1426 1841 1479; x_wconf 90' lang='lat' dir='ltr'><strong>aut</strong></span> <span class='ocrx_word' id='word_1_127' title='bbox 1878 1414 1944 1479; x_wconf 90' lang='lat' dir='ltr'><strong>in</strong></span> <span class='ocrx_word' id='word_1_128' title='bbox 1985 1415 2159 1479; x_wconf 91' lang='lat' dir='ltr'><strong>bonis</strong></span> <span class='ocrx_word' id='word_1_129' title='bbox 2203 1425 2308 1478; x_wconf 92' lang='lat' dir='ltr'><strong>aut</strong></span> <span class='ocrx_word' id='word_1_130' title='bbox 2349 1416 2415 1478; x_wconf 90' lang='lat' dir='ltr'><strong>in</strong></span> 
     </span>
     <span class='ocr_line' id='line_1_14' title="bbox 259 1498 2418 1581; baseline 0.002 -21"><span class='ocrx_word' id='word_1_131' title='bbox 259 1498 440 1562; x_wconf 91' lang='lat' dir='ltr'><strong>malis</strong></span> <span class='ocrx_word' id='word_1_132' title='bbox 474 1518 611 1562; x_wconf 89' lang='lat' dir='ltr'><strong>esse</strong></span> <span class='ocrx_word' id='word_1_133' title='bbox 643 1499 973 1563; x_wconf 86' lang='lat' dir='ltr'><strong>habendum</strong></span> <span class='ocrx_word' id='word_1_134' title='bbox 997 1546 1013 1575; x_wconf 91' lang='lat'><strong>,</strong></span> <span class='ocrx_word' id='word_1_135' title='bbox 1063 1511 1262 1581; x_wconf 85' lang='lat' dir='ltr'><strong>tamen</strong></span> <span class='ocrx_word' id='word_1_136' title='bbox 1303 1500 1422 1562; x_wconf 89' lang='lat' dir='ltr'><strong>alia</strong></span> <span class='ocrx_word' id='word_1_137' title='bbox 1467 1500 1541 1563; x_wconf 90' lang='lat' dir='ltr'><strong>ad</strong></span> <span class='ocrx_word' id='word_1_138' title='bbox 1587 1500 1768 1564; x_wconf 88' lang='lat' dir='ltr'><strong>alium</strong></span> <span class='ocrx_word' id='word_1_139' title='bbox 1810 1511 2035 1568; x_wconf 82' lang='lat' dir='ltr'><strong>motum</strong></span> <span class='ocrx_word' id='word_1_140' title='bbox 2078 1500 2303 1564; x_wconf 84' lang='lat' dir='ltr'><strong>curatio</strong></span> <span class='ocrx_word' id='word_1_141' title='bbox 2336 1501 2418 1564; x_wconf 88' lang='lat' dir='ltr'><strong>sit</strong></span> 
     </span>
     <span class='ocr_line' id='line_1_15' title="bbox 259 1582 2411 1668; baseline 0.003 -23"><span class='ocrx_word' id='word_1_142' title='bbox 259 1582 596 1646; x_wconf 86' lang='lat' dir='ltr'><strong>adhibenda</strong></span> <span class='ocrx_word' id='word_1_143' title='bbox 617 1629 634 1660; x_wconf 92' lang='lat'><strong>,</strong></span> <span class='ocrx_word' id='word_1_144' title='bbox 671 1586 904 1668; x_wconf 88' lang='lat' dir='ltr'><strong>aliaque</strong></span> <span class='ocrx_word' id='word_1_145' title='bbox 933 1585 1169 1649; x_wconf 88' lang='lat' dir='ltr'><strong>ratione</strong></span> <span class='ocrx_word' id='word_1_146' title='bbox 1198 1584 1530 1649; x_wconf 84' lang='lat' dir='ltr'><strong>malevolus</strong></span> <span class='ocrx_word' id='word_1_147' title='bbox 1548 1631 1565 1662; x_wconf 97' lang='lat'><strong>,</strong></span> <span class='ocrx_word' id='word_1_148' title='bbox 1601 1586 1720 1649; x_wconf 87' lang='lat' dir='ltr'><strong>alia</strong></span> <span class='ocrx_word' id='word_1_149' title='bbox 1751 1596 1981 1649; x_wconf 85' lang='lat' dir='ltr'><strong>amator</strong></span> <span class='ocrx_word' id='word_1_150' title='bbox 2000 1633 2017 1663; x_wconf 95' lang='lat'><strong>,</strong></span> <span class='ocrx_word' id='word_1_151' title='bbox 2053 1586 2171 1651; x_wconf 84' lang='lat' dir='ltr'><strong>alia</strong></span> <span class='ocrx_word' id='word_1_152' title='bbox 2199 1607 2411 1652; x_wconf 86' lang='lat' dir='ltr'><strong>rursus</strong></span> 
     </span>
     <span class='ocr_line' id='line_1_16' title="bbox 261 1668 2336 1754; baseline 0 -23"><span class='ocrx_word' id='word_1_153' title='bbox 261 1668 493 1732; x_wconf 78' lang='lat' dir='ltr'><strong>anxius</strong></span> <span class='ocrx_word' id='word_1_154' title='bbox 514 1716 531 1746; x_wconf 97' lang='lat'><strong>,</strong></span> <span class='ocrx_word' id='word_1_155' title='bbox 566 1669 688 1732; x_wconf 90' lang='lat' dir='ltr'><strong>alia</strong></span> <span class='ocrx_word' id='word_1_156' title='bbox 719 1671 958 1733; x_wconf 88' lang='lat' dir='ltr'><strong>timidus</strong></span> <span class='ocrx_word' id='word_1_157' title='bbox 988 1670 1403 1754; x_wconf 84' lang='lat' dir='ltr'><strong>corrigendus.</strong></span> <span class='ocrx_word' id='word_1_158' title='bbox 1742 1714 1751 1727; x_wconf 65' lang='grc'><strong>.</strong></span> <span class='ocrx_word' id='word_1_159' title='bbox 2322 1718 2336 1724; x_wconf 67' lang='grc'><strong>-</strong></span> 
     </span>
     <span class='ocr_line' id='line_1_17' title="bbox 228 1755 2516 1838; baseline 0.001 -22"><span class='ocrx_word' id='word_1_160' title='bbox 228 1772 234 1779; x_wconf 78' lang='grc'><em>’</em></span> <span class='ocrx_word' id='word_1_161' title='bbox 443 1755 635 1837; x_wconf 89' lang='lat' dir='ltr'><strong>Atque</strong></span> <span class='ocrx_word' id='word_1_162' title='bbox 668 1765 801 1819; x_wconf 90' lang='lat' dir='ltr'><strong>erat</strong></span> <span class='ocrx_word' id='word_1_163' title='bbox 828 1756 1000 1819; x_wconf 84' lang='lat' dir='ltr'><strong>facile</strong></span> <span class='ocrx_word' id='word_1_164' title='bbox 1019 1802 1036 1833; x_wconf 92' lang='lat'><strong>,</strong></span> <span class='ocrx_word' id='word_1_165' title='bbox 1072 1765 1424 1838; x_wconf 87' lang='lat' dir='ltr'><strong>sequentem</strong></span> <span class='ocrx_word' id='word_1_166' title='bbox 1457 1776 1587 1818; x_wconf 90' lang='lat' dir='ltr'><strong>eam</strong></span> <span class='ocrx_word' id='word_1_167' title='bbox 1618 1755 1937 1832; x_wconf 86' lang='lat' dir='ltr'><strong>rationem,</strong></span> <span class='ocrx_word' id='word_1_168' title='bbox 1972 1775 2126 1838; x_wconf 88' lang='lat' dir='ltr'><strong>quae</strong></span> <span class='ocrx_word' id='word_1_169' title='bbox 2156 1755 2419 1820; x_wconf 68' lang='lat' dir='ltr'><strong>inaximo</strong></span> <span class='ocrx_word' id='word_1_170' title='bbox 2448 1766 2516 1818; x_wconf 83' lang='lat'><strong>66</strong></span> 
     </span>
     <span class='ocr_line' id='line_1_18' title="bbox 263 1834 2417 1937; baseline 0 -36"><span class='ocrx_word' id='word_1_171' title='bbox 263 1837 559 1937; x_wconf 89' lang='lat' dir='ltr'><strong>probatur</strong></span> <span class='ocrx_word' id='word_1_172' title='bbox 588 1841 662 1902; x_wconf 92' lang='lat' dir='ltr'><strong>de</strong></span> <span class='ocrx_word' id='word_1_173' title='bbox 692 1834 866 1905; x_wconf 75' lang='lat' dir='ltr'><strong>bonis</strong></span> <span class='ocrx_word' id='word_1_174' title='bbox 898 1852 959 1904; x_wconf 90' lang='lat' dir='ltr'><strong>et</strong></span> <span class='ocrx_word' id='word_1_175' title='bbox 987 1840 1161 1905; x_wconf 86' lang='lat' dir='ltr'><strong>malis</strong></span> <span class='ocrx_word' id='word_1_176' title='bbox 1179 1887 1196 1918; x_wconf 92' lang='lat'><strong>,</strong></span> <span class='ocrx_word' id='word_1_177' title='bbox 1234 1860 1459 1926; x_wconf 84' lang='lat' dir='ltr'><strong>negare</strong></span> <span class='ocrx_word' id='word_1_178' title='bbox 1489 1862 1767 1924; x_wconf 83' lang='lat' dir='ltr'><strong>umquam</strong></span> <span class='ocrx_word' id='word_1_179' title='bbox 1797 1840 2029 1903; x_wconf 85' lang='lat' dir='ltr'><strong>laetitia</strong></span> <span class='ocrx_word' id='word_1_180' title='bbox 2058 1840 2207 1904; x_wconf 88' lang='lat' dir='ltr'><strong>affici</strong></span> <span class='ocrx_word' id='word_1_181' title='bbox 2237 1861 2417 1924; x_wconf 86' lang='lat' dir='ltr'><strong>posse</strong></span> 
     </span>
     <span class='ocr_line' id='line_1_19' title="bbox 261 1925 2419 2011; baseline 0.001 -25"><span class='ocrx_word' id='word_1_182' title='bbox 261 1925 688 2009; x_wconf 72' lang='lat' dir='ltr'><strong>insipientem,</strong></span> <span class='ocrx_word' id='word_1_183' title='bbox 742 1927 896 2009; x_wconf 87' lang='lat' dir='ltr'><strong>quod</strong></span> <span class='ocrx_word' id='word_1_184' title='bbox 935 1926 1086 1989; x_wconf 89' lang='lat' dir='ltr'><strong>nihil</strong></span> <span class='ocrx_word' id='word_1_185' title='bbox 1129 1948 1407 2011; x_wconf 89' lang='lat' dir='ltr'><strong>umquam</strong></span> <span class='ocrx_word' id='word_1_186' title='bbox 1455 1926 1702 1989; x_wconf 88' lang='lat' dir='ltr'><strong>haberet</strong></span> <span class='ocrx_word' id='word_1_187' title='bbox 1728 1926 1891 1989; x_wconf 88' lang='lat' dir='ltr'><strong>boni.</strong></span> <span class='ocrx_word' id='word_1_188' title='bbox 1972 1925 2090 1989; x_wconf 86' lang='lat' dir='ltr'><strong>Sed</strong></span> <span class='ocrx_word' id='word_1_189' title='bbox 2118 1925 2419 2008; x_wconf 87' lang='lat' dir='ltr'><strong>loquimur</strong></span> 
     </span>
     <span class='ocr_line' id='line_1_20' title="bbox 263 2008 2417 2095; baseline 0.001 -23"><span class='ocrx_word' id='word_1_190' title='bbox 263 2030 428 2073; x_wconf 87' lang='lat' dir='ltr'><strong>nunc</strong></span> <span class='ocrx_word' id='word_1_191' title='bbox 458 2032 626 2093; x_wconf 75' lang='lat' dir='ltr'><strong>more</strong></span> <span class='ocrx_word' id='word_1_192' title='bbox 659 2013 979 2077; x_wconf 90' lang='lat' dir='ltr'><strong>communi.</strong></span> <span class='ocrx_word' id='word_1_193' title='bbox 1045 2008 1183 2075; x_wconf 90' lang='lat' dir='ltr'><strong>Sint</strong></span> <span class='ocrx_word' id='word_1_194' title='bbox 1212 2032 1358 2076; x_wconf 89' lang='lat' dir='ltr'><strong>sane</strong></span> <span class='ocrx_word' id='word_1_195' title='bbox 1387 2014 1508 2076; x_wconf 84' lang='lat' dir='ltr'><strong>ista</strong></span> <span class='ocrx_word' id='word_1_196' title='bbox 1535 2013 1725 2089; x_wconf 90' lang='lat' dir='ltr'><strong>bona,</strong></span> <span class='ocrx_word' id='word_1_197' title='bbox 1774 2030 1925 2094; x_wconf 89' lang='lat' dir='ltr'><strong>quae</strong></span> <span class='ocrx_word' id='word_1_198' title='bbox 1957 2021 2274 2095; x_wconf 88' lang='lat' dir='ltr'><strong>putantur,</strong></span> <span class='ocrx_word' id='word_1_199' title='bbox 2310 2008 2417 2074; x_wconf 89' lang='lat' dir='ltr'><strong>ho-</strong></span> 
     </span>
     <span class='ocr_line' id='line_1_21' title="bbox 266 2096 2485 2182; baseline 0 -25"><span class='ocrx_word' id='word_1_200' title='bbox 266 2115 489 2174; x_wconf 86' lang='lat' dir='ltr'><strong>nores,</strong></span> <span class='ocrx_word' id='word_1_201' title='bbox 511 2097 771 2160; x_wconf 77' lang='lat' dir='ltr'><strong>divitiae</strong></span> <span class='ocrx_word' id='word_1_202' title='bbox 790 2144 809 2175; x_wconf 92' lang='lat'><strong>,</strong></span> <span class='ocrx_word' id='word_1_203' title='bbox 844 2099 1181 2182; x_wconf 81' lang='lat' dir='ltr'><strong>voluptates</strong></span> <span class='ocrx_word' id='word_1_204' title='bbox 1204 2143 1221 2174; x_wconf 97' lang='lat'><strong>,</strong></span> <span class='ocrx_word' id='word_1_205' title='bbox 1258 2108 1499 2175; x_wconf 70' lang='lat' dir='ltr'><strong>cetera,</strong></span> <span class='ocrx_word' id='word_1_206' title='bbox 1544 2108 1747 2161; x_wconf 85' lang='lat' dir='ltr'><strong>tamen</strong></span> <span class='ocrx_word' id='word_1_207' title='bbox 1785 2097 1850 2160; x_wconf 89' lang='lat' dir='ltr'><strong>in</strong></span> <span class='ocrx_word' id='word_1_208' title='bbox 1882 2096 1972 2160; x_wconf 90' lang='lat' dir='ltr'><strong>eis</strong></span> <span class='ocrx_word' id='word_1_209' title='bbox 2003 2097 2149 2180; x_wconf 89' lang='lat' dir='ltr'><strong>ipsis</strong></span> <span class='ocrx_word' id='word_1_210' title='bbox 2181 2096 2419 2180; x_wconf 51' lang='lat' dir='ltr'><strong>potiunq</strong></span> <span class='ocrx_word' id='word_1_211' title='bbox 2477 2126 2485 2146; x_wconf 90' lang='lat'><em>·</em></span> 
     </span>
     <span class='ocr_line' id='line_1_22' title="bbox 261 2181 2418 2269; baseline 0 -26"><span class='ocrx_word' id='word_1_212' title='bbox 261 2181 362 2244; x_wconf 88' lang='lat' dir='ltr'><strong>dis</strong></span> <span class='ocrx_word' id='word_1_213' title='bbox 395 2183 709 2247; x_wconf 83' lang='lat' dir='ltr'><strong>exsultans</strong></span> <span class='ocrx_word' id='word_1_214' title='bbox 739 2183 1381 2269; x_wconf 58' lang='lat' dir='ltr'><strong>gestiensquedaetitia</strong></span> <span class='ocrx_word' id='word_1_215' title='bbox 1411 2184 1601 2268; x_wconf 90' lang='lat' dir='ltr'><strong>turpis</strong></span> <span class='ocrx_word' id='word_1_216' title='bbox 1634 2193 1760 2260; x_wconf 91' lang='lat' dir='ltr'><strong>est,</strong></span> <span class='ocrx_word' id='word_1_217' title='bbox 1811 2193 1913 2259; x_wconf 90' lang='lat' dir='ltr'><strong>ut,</strong></span> <span class='ocrx_word' id='word_1_218' title='bbox 1963 2182 2017 2245; x_wconf 88' lang='lat' dir='ltr'><strong>si</strong></span> <span class='ocrx_word' id='word_1_219' title='bbox 2046 2183 2244 2247; x_wconf 82' lang='lat' dir='ltr'><strong>ridere</strong></span> <span class='ocrx_word' id='word_1_220' title='bbox 2275 2203 2418 2245; x_wconf 56' lang='lat' dir='ltr'><strong>con-e</strong></span> 
     </span>
     <span class='ocr_line' id='line_1_23' title="bbox 263 2267 2511 2353; baseline 0 -23"><span class='ocrx_word' id='word_1_221' title='bbox 263 2287 510 2332; x_wconf 84' lang='lat' dir='ltr'><strong>cessum</strong></span> <span class='ocrx_word' id='word_1_222' title='bbox 541 2268 657 2345; x_wconf 88' lang='lat' dir='ltr'><strong>sit,</strong></span> <span class='ocrx_word' id='word_1_223' title='bbox 693 2271 1070 2353; x_wconf 82' lang='lat' dir='ltr'><strong>vituperetur</strong></span> <span class='ocrx_word' id='word_1_224' title='bbox 1095 2279 1297 2332; x_wconf 90' lang='lat' dir='ltr'><strong>tamen</strong></span> <span class='ocrx_word' id='word_1_225' title='bbox 1328 2268 1728 2333; x_wconf 80' lang='lat' dir='ltr'><strong>cachinnatio.</strong></span> <span class='ocrx_word' id='word_1_226' title='bbox 1806 2269 2033 2331; x_wconf 88' lang='lat' dir='ltr'><strong>Eodem</strong></span> <span class='ocrx_word' id='word_1_227' title='bbox 2078 2268 2237 2331; x_wconf 88' lang='lat' dir='ltr'><strong>euim</strong></span> <span class='ocrx_word' id='word_1_228' title='bbox 2266 2267 2415 2331; x_wconf 88' lang='lat' dir='ltr'><strong>vitio</strong></span> <span class='ocrx_word' id='word_1_229' title='bbox 2506 2294 2511 2297; x_wconf 90' lang='grc'><strong>·</strong></span> 
     </span>
     <span class='ocr_line' id='line_1_24' title="bbox 267 2353 2417 2438; baseline 0.001 -24"><span class='ocrx_word' id='word_1_230' title='bbox 267 2363 365 2415; x_wconf 89' lang='grc'><strong>631</strong></span> <span class='ocrx_word' id='word_1_231' title='bbox 397 2353 608 2418; x_wconf 87' lang='lat' dir='ltr'><strong>effusio</strong></span> <span class='ocrx_word' id='word_1_232' title='bbox 639 2355 821 2417; x_wconf 90' lang='lat' dir='ltr'><strong>animi</strong></span> <span class='ocrx_word' id='word_1_233' title='bbox 852 2355 916 2421; x_wconf 90' lang='lat' dir='ltr'><strong>in</strong></span> <span class='ocrx_word' id='word_1_234' title='bbox 946 2355 1212 2429; x_wconf 87' lang='lat' dir='ltr'><strong>laetitia,</strong></span> <span class='ocrx_word' id='word_1_235' title='bbox 1261 2377 1376 2438; x_wconf 88' lang='lat' dir='ltr'><strong>quo</strong></span> <span class='ocrx_word' id='word_1_236' title='bbox 1408 2356 1471 2418; x_wconf 93' lang='lat' dir='ltr'><strong>in</strong></span> <span class='ocrx_word' id='word_1_237' title='bbox 1514 2355 1719 2419; x_wconf 90' lang='lat' dir='ltr'><strong>dolore</strong></span> <span class='ocrx_word' id='word_1_238' title='bbox 1763 2353 2129 2431; x_wconf 88' lang='lat' dir='ltr'><strong>contractio,</strong></span> <span class='ocrx_word' id='word_1_239' title='bbox 2181 2353 2417 2417; x_wconf 89' lang='lat' dir='ltr'><strong>eadem-</strong></span> 
     </span>
    </p>
   </div>
   <div class='ocr_carea' id='block_1_4' title="bbox 260 2439 2412 2531">
    <p class='ocr_par' dir='ltr' id='par_1_6' title="bbox 260 2439 2412 2531">
     <span class='ocr_line' id='line_1_25' title="bbox 260 2439 2412 2531; baseline 0.001 -31"><span class='ocrx_word' id='word_1_240' title='bbox 260 2457 385 2520; x_wconf 88' lang='lat' dir='ltr'><strong>que</strong></span> <span class='ocrx_word' id='word_1_241' title='bbox 417 2439 663 2503; x_wconf 84' lang='lat' dir='ltr'><strong>levitate</strong></span> <span class='ocrx_word' id='word_1_242' title='bbox 693 2440 986 2531; x_wconf 82' lang='lat' dir='ltr'><strong>cupiditas</strong></span> <span class='ocrx_word' id='word_1_243' title='bbox 1020 2451 1114 2505; x_wconf 89' lang='lat' dir='ltr'><strong>est</strong></span> <span class='ocrx_word' id='word_1_244' title='bbox 1142 2440 1207 2503; x_wconf 91' lang='lat' dir='ltr'><strong>in</strong></span> <span class='ocrx_word' id='word_1_245' title='bbox 1236 2442 1600 2526; x_wconf 83' lang='lat' dir='ltr'><strong>appetendo,</strong></span> <span class='ocrx_word' id='word_1_246' title='bbox 1637 2462 1754 2524; x_wconf 87' lang='lat' dir='ltr'><strong>qua</strong></span> <span class='ocrx_word' id='word_1_247' title='bbox 1784 2439 2015 2505; x_wconf 85' lang='lat' dir='ltr'><strong>laetitia</strong></span> <span class='ocrx_word' id='word_1_248' title='bbox 2044 2440 2109 2503; x_wconf 92' lang='lat' dir='ltr'><strong>in</strong></span> <span class='ocrx_word' id='word_1_249' title='bbox 2140 2440 2412 2517; x_wconf 80' lang='lat' dir='ltr'><strong>fruendo,</strong></span> 
     </span>
    </p>
   </div>
   <div class='ocr_carea' id='block_1_5' title="bbox 262 2564 1300 3418">
    <p class='ocr_par' dir='ltr' id='par_1_7' title="bbox 726 2564 774 2586">
     <span class='ocr_line' id='line_1_26' title="bbox 726 2564 774 2586; baseline -0.063 0"><span class='ocrx_word' id='word_1_250' title='bbox 726 2564 774 2586; x_wconf 64' lang='lat'><strong>‘⁴</strong></span> 
     </span>
    </p>

    <p class='ocr_par' dir='ltr' id='par_1_8' title="bbox 262 2590 1300 3214">
     <span class='ocr_line' id='line_1_27' title="bbox 262 2590 1293 2669; baseline 0.002 -20"><span class='ocrx_word' id='word_1_251' title='bbox 262 2598 430 2650; x_wconf 74' lang='lat' dir='ltr'><strong>Acad.</strong></span> <span class='ocrx_word' id='word_1_252' title='bbox 470 2599 512 2650; x_wconf 92' lang='lat'><strong>1.</strong></span> <span class='ocrx_word' id='word_1_253' title='bbox 558 2601 656 2665; x_wconf 82' lang='lat'><strong>10,</strong></span> <span class='ocrx_word' id='word_1_254' title='bbox 695 2602 796 2653; x_wconf 87' lang='lat'><strong>38:</strong></span> <span class='ocrx_word' id='word_1_255' title='bbox 849 2617 1120 2669; x_wconf 78' lang='lat' dir='ltr'><strong>quumque</strong></span> <span class='ocrx_word' id='word_1_256' title='bbox 1151 2590 1293 2666; x_wconf 49' lang='lat' dir='ltr'><strong>xper-</strong></span> 
     </span>
     <span class='ocr_line' id='line_1_28' title="bbox 265 2670 1292 2721; baseline 0 -3"><span class='ocrx_word' id='word_1_257' title='bbox 265 2670 642 2720; x_wconf 79' lang='lat' dir='ltr'><strong>turbationem</strong></span> <span class='ocrx_word' id='word_1_258' title='bbox 683 2674 854 2721; x_wconf 84' lang='lat' dir='ltr'><strong>animi</strong></span> <span class='ocrx_word' id='word_1_259' title='bbox 892 2697 953 2707; x_wconf 94' lang='lat'>—</span> <span class='ocrx_word' id='word_1_260' title='bbox 992 2686 1100 2720; x_wconf 87' lang='lat' dir='ltr'><strong>non</strong></span> <span class='ocrx_word' id='word_1_261' title='bbox 1141 2670 1292 2719; x_wconf 86' lang='lat' dir='ltr'><strong>tolle-</strong></span> 
     </span>
     <span class='ocr_line' id='line_1_29' title="bbox 264 2739 1294 2805; baseline 0 -19"><span class='ocrx_word' id='word_1_262' title='bbox 264 2742 400 2786; x_wconf 79' lang='lat' dir='ltr'><strong>rent</strong></span> <span class='ocrx_word' id='word_1_263' title='bbox 441 2763 512 2772; x_wconf 90' lang='lat'><strong>—</strong></span> <span class='ocrx_word' id='word_1_264' title='bbox 561 2753 832 2805; x_wconf 82' lang='lat' dir='ltr'><strong>quumque</strong></span> <span class='ocrx_word' id='word_1_265' title='bbox 866 2754 956 2788; x_wconf 79' lang='lat' dir='ltr'><strong>eas</strong></span> <span class='ocrx_word' id='word_1_266' title='bbox 997 2739 1294 2803; x_wconf 83' lang='lat' dir='ltr'><strong>perturba-</strong></span> 
     </span>
     <span class='ocr_line' id='line_1_30' title="bbox 263 2805 1295 2859; baseline 0 -5"><span class='ocrx_word' id='word_1_267' title='bbox 263 2807 451 2854; x_wconf 71' lang='lat' dir='ltr'><strong>tiones</strong></span> <span class='ocrx_word' id='word_1_268' title='bbox 505 2830 576 2842; x_wconf 90' lang='lat'><strong>-—</strong></span> <span class='ocrx_word' id='word_1_269' title='bbox 637 2806 920 2859; x_wconf 78' lang='lat' dir='ltr'><strong>naturales</strong></span> <span class='ocrx_word' id='word_1_270' title='bbox 959 2810 1096 2855; x_wconf 74' lang='grc'><strong>’6336</strong></span> <span class='ocrx_word' id='word_1_271' title='bbox 1159 2805 1295 2854; x_wconf 81' lang='lat' dir='ltr'><strong>dice-</strong></span> 
     </span>
     <span class='ocr_line' id='line_1_31' title="bbox 268 2870 1291 2938; baseline 0 -16"><span class='ocrx_word' id='word_1_272' title='bbox 268 2875 399 2922; x_wconf 82' lang='lat' dir='ltr'><strong>rent</strong></span> <span class='ocrx_word' id='word_1_273' title='bbox 409 2889 428 2932; x_wconf 93' lang='lat'><em>;</em></span> <span class='ocrx_word' id='word_1_274' title='bbox 463 2874 564 2923; x_wconf 90' lang='lat' dir='ltr'><strong>und</strong></span> <span class='ocrx_word' id='word_1_275' title='bbox 591 2873 908 2938; x_wconf 85' lang='lat' dir='ltr'><strong>umgekehrt,</strong></span> <span class='ocrx_word' id='word_1_276' title='bbox 935 2880 1092 2924; x_wconf 88' lang='grc'><strong>116166</strong></span> <span class='ocrx_word' id='word_1_277' title='bbox 1118 2870 1182 2923; x_wconf 91' lang='lat' dir='ltr'><strong>V.</strong></span> <span class='ocrx_word' id='word_1_278' title='bbox 1208 2874 1291 2937; x_wconf 88' lang='lat'><strong>15,</strong></span> 
     </span>
     <span class='ocr_line' id='line_1_32' title="bbox 267 2940 1300 3009; baseline 0.003 -19"><span class='ocrx_word' id='word_1_279' title='bbox 267 2940 371 2991; x_wconf 77' lang='lat'><strong>43:</strong></span> <span class='ocrx_word' id='word_1_280' title='bbox 426 2956 592 3007; x_wconf 79' lang='lat' dir='ltr'><strong>quum</strong></span> <span class='ocrx_word' id='word_1_281' title='bbox 633 2944 1080 3009; x_wconf 72' lang='lat' dir='ltr'><strong>perturbationes</strong></span> <span class='ocrx_word' id='word_1_282' title='bbox 1129 2944 1300 2993; x_wconf 85' lang='lat' dir='ltr'><strong>animi</strong></span> 
     </span>
     <span class='ocr_line' id='line_1_33' title="bbox 266 3011 1297 3078; baseline 0.001 -18"><span class='ocrx_word' id='word_1_283' title='bbox 266 3012 547 3060; x_wconf 46' lang='lat' dir='ltr'><strong>maceriam</strong></span> <span class='ocrx_word' id='word_1_284' title='bbox 587 3012 827 3075; x_wconf 75' lang='lat' dir='ltr'><strong>efficiant</strong></span> <span class='ocrx_word' id='word_1_285' title='bbox 861 3011 1166 3078; x_wconf 66' lang='lat' dir='ltr'><strong>duplamque</strong></span> <span class='ocrx_word' id='word_1_286' title='bbox 1203 3026 1297 3061; x_wconf 87' lang='lat' dir='ltr'><strong>ra-</strong></span> 
     </span>
     <span class='ocr_line' id='line_1_34' title="bbox 265 3077 1293 3145; baseline 0 -17"><span class='ocrx_word' id='word_1_287' title='bbox 265 3082 352 3128; x_wconf 73' lang='lat' dir='ltr'><strong>iio</strong></span> <span class='ocrx_word' id='word_1_288' title='bbox 369 3080 813 3144; x_wconf 73' lang='lat' dir='ltr'><strong>perturbationis</strong></span> <span class='ocrx_word' id='word_1_289' title='bbox 829 3084 930 3131; x_wconf 58' lang='lat' dir='ltr'><strong>vit.</strong></span> <span class='ocrx_word' id='word_1_290' title='bbox 970 3077 1090 3145; x_wconf 78' lang='lat' dir='ltr'><strong>Vgl.</strong></span> <span class='ocrx_word' id='word_1_291' title='bbox 1119 3078 1185 3130; x_wconf 88' lang='lat'><strong>11.</strong></span> <span class='ocrx_word' id='word_1_292' title='bbox 1208 3079 1293 3145; x_wconf 87' lang='lat'><strong>23,</strong></span> 
     </span>
     <span class='ocr_line' id='line_1_35' title="bbox 268 3148 1127 3214; baseline 0.001 -17"><span class='ocrx_word' id='word_1_293' title='bbox 268 3148 340 3197; x_wconf 80' lang='lat'><strong>54</strong></span> <span class='ocrx_word' id='word_1_294' title='bbox 366 3163 430 3197; x_wconf 89' lang='lat' dir='ltr'><strong>zu</strong></span> <span class='ocrx_word' id='word_1_295' title='bbox 457 3150 774 3214; x_wconf 73' lang='lat' dir='ltr'><strong>corporibus</strong></span> <span class='ocrx_word' id='word_1_296' title='bbox 798 3177 868 3186; x_wconf 91' lang='lat'>-</span> <span class='ocrx_word' id='word_1_297' title='bbox 892 3152 1127 3200; x_wconf 77' lang='lat' dir='ltr'><strong>animus.</strong></span> 
     </span>
    </p>

    <p class='ocr_par' dir='ltr' id='par_1_9' title="bbox 270 3217 1293 3418">
     <span class='ocr_line' id='line_1_36' title="bbox 342 3217 1290 3282; baseline 0.007 -16"><span class='ocrx_word' id='word_1_298' title='bbox 342 3231 590 3267; x_wconf 73' lang='lat' dir='ltr'><strong>caussam</strong></span> <span class='ocrx_word' id='word_1_299' title='bbox 631 3221 933 3281; x_wconf 81' lang='lat' dir='ltr'><strong>continere,</strong></span> <span class='ocrx_word' id='word_1_300' title='bbox 961 3233 1031 3281; x_wconf 37' lang='grc'><strong>,3.</strong></span> <span class='ocrx_word' id='word_1_301' title='bbox 1071 3217 1164 3269; x_wconf 86' lang='grc'><strong>111.</strong></span> <span class='ocrx_word' id='word_1_302' title='bbox 1202 3217 1290 3282; x_wconf 85' lang='grc'><strong>24,</strong></span> 
     </span>
     <span class='ocr_line' id='line_1_37' title="bbox 270 3284 1019 3369; baseline 0.004 -35"><span class='ocrx_word' id='word_1_303' title='bbox 270 3284 338 3335; x_wconf 79' lang='grc'><strong>58</strong></span> <span class='ocrx_word' id='word_1_304' title='bbox 364 3300 429 3334; x_wconf 91' lang='lat' dir='ltr'><strong>zu</strong></span> <span class='ocrx_word' id='word_1_305' title='bbox 453 3286 602 3369; x_wconf 56' lang='lat' dir='ltr'><strong>quod</strong></span> <span class='ocrx_word' id='word_1_306' title='bbox 623 3302 737 3337; x_wconf 87' lang='lat' dir='ltr'><strong>rem</strong></span> <span class='ocrx_word' id='word_1_307' title='bbox 761 3291 1019 3337; x_wconf 85' lang='lat' dir='ltr'><strong>continet.</strong></span> 
     </span>
     <span class='ocr_line' id='line_1_38' title="bbox 287 3353 1293 3418; baseline 0.003 -15"><span class='ocrx_word' id='word_1_308' title='bbox 287 3410 298 3415; x_wconf 32' lang='lat'>⁶</span> <span class='ocrx_word' id='word_1_309' title='bbox 338 3353 442 3404; x_wconf 81' lang='lat' dir='ltr'><strong>Hic</strong></span> <span class='ocrx_word' id='word_1_310' title='bbox 462 3382 532 3391; x_wconf 94' lang='grc'><strong>-</strong></span> <span class='ocrx_word' id='word_1_311' title='bbox 558 3370 731 3418; x_wconf 88' lang='lat' dir='ltr'><strong>error,</strong></span> <span class='ocrx_word' id='word_1_312' title='bbox 764 3356 881 3409; x_wconf 86' lang='lat' dir='ltr'><strong>dass</strong></span> <span class='ocrx_word' id='word_1_313' title='bbox 910 3355 986 3406; x_wconf 89' lang='grc'><strong>316</strong></span> <span class='ocrx_word' id='word_1_314' title='bbox 1023 3356 1208 3406; x_wconf 86' lang='lat' dir='ltr'><strong>nicht</strong></span> <span class='ocrx_word' id='word_1_315' title='bbox 1241 3355 1293 3406; x_wconf 90' lang='lat' dir='ltr'><strong>in</strong></span> 
     </span>
    </p>
   </div>
   <div class='ocr_carea' id='block_1_6' title="bbox 161 3420 969 3475">
    <p class='ocr_par' dir='ltr' id='par_1_10' title="bbox 161 3420 969 3475">
     <span class='ocr_line' id='line_1_39' title="bbox 161 3420 969 3475; baseline 0.007 -6"><span class='ocrx_word' id='word_1_316' title='bbox 161 3440 172 3443; x_wconf 86' lang='lat'><em>-</em></span> <span class='ocrx_word' id='word_1_317' title='bbox 270 3436 487 3473; x_wconf 79' lang='lat' dir='ltr'><strong>unserer</strong></span> <span class='ocrx_word' id='word_1_318' title='bbox 511 3420 713 3474; x_wconf 87' lang='lat' dir='ltr'><strong>Gewalt</strong></span> <span class='ocrx_word' id='word_1_319' title='bbox 736 3424 969 3475; x_wconf 77' lang='grc'><strong>31116666.</strong></span> 
     </span>
    </p>
   </div>
   <div class='ocr_carea' id='block_1_7' title="bbox 197 3490 1298 4037">
    <p class='ocr_par' dir='ltr' id='par_1_11' title="bbox 197 3490 1298 4037">
     <span class='ocr_line' id='line_1_40' title="bbox 343 3490 1296 3560; baseline 0.005 -21"><span class='ocrx_word' id='word_1_320' title='bbox 343 3490 667 3553; x_wconf 75' lang='lat' dir='ltr'><strong>tolerabilia,</strong></span> <span class='ocrx_word' id='word_1_321' title='bbox 691 3509 770 3543; x_wconf 85' lang='grc'><strong>36.</strong></span> <span class='ocrx_word' id='word_1_322' title='bbox 790 3509 853 3544; x_wconf 91' lang='lat' dir='ltr'><strong>ea</strong></span> <span class='ocrx_word' id='word_1_323' title='bbox 868 3508 1007 3560; x_wconf 82' lang='lat' dir='ltr'><strong>quae</strong></span> <span class='ocrx_word' id='word_1_324' title='bbox 1016 3496 1214 3559; x_wconf 80' lang='lat' dir='ltr'><strong>gravia</strong></span> <span class='ocrx_word' id='word_1_325' title='bbox 1241 3499 1296 3544; x_wconf 86' lang='lat' dir='ltr'><strong>et</strong></span> 
     </span>
     <span class='ocr_line' id='line_1_41' title="bbox 274 3560 784 3613; baseline 0.008 -5"><span class='ocrx_word' id='word_1_326' title='bbox 274 3562 464 3610; x_wconf 75' lang='lat' dir='ltr'><strong>tristia</strong></span> <span class='ocrx_word' id='word_1_327' title='bbox 491 3560 784 3613; x_wconf 83' lang='lat' dir='ltr'><strong>ducuntur.</strong></span> 
     </span>
     <span class='ocr_line' id='line_1_42' title="bbox 271 3627 1297 3692; baseline 0.001 -15"><span class='ocrx_word' id='word_1_328' title='bbox 271 3646 276 3651; x_wconf 92' lang='lat'>·</span> <span class='ocrx_word' id='word_1_329' title='bbox 343 3628 651 3692; x_wconf 79' lang='lat' dir='ltr'><strong>ducantur,</strong></span> <span class='ocrx_word' id='word_1_330' title='bbox 692 3628 865 3683; x_wconf 84' lang='lat' dir='ltr'><strong>Wolfs</strong></span> <span class='ocrx_word' id='word_1_331' title='bbox 891 3627 1173 3692; x_wconf 85' lang='lat' dir='ltr'><strong>Conjectur</strong></span> <span class='ocrx_word' id='word_1_332' title='bbox 1211 3627 1297 3678; x_wconf 81' lang='lat' dir='ltr'><strong>ffir</strong></span> 
     </span>
     <span class='ocr_line' id='line_1_43' title="bbox 271 3693 1297 3761; baseline 0.001 -15"><span class='ocrx_word' id='word_1_333' title='bbox 271 3695 561 3761; x_wconf 81' lang='lat' dir='ltr'><strong>dicuntur,</strong></span> <span class='ocrx_word' id='word_1_334' title='bbox 610 3698 691 3748; x_wconf 88' lang='lat' dir='ltr'><strong>die</strong></span> <span class='ocrx_word' id='word_1_335' title='bbox 735 3699 865 3749; x_wconf 86' lang='lat' dir='ltr'><strong>auch</strong></span> <span class='ocrx_word' id='word_1_336' title='bbox 892 3696 1046 3746; x_wconf 82' lang='lat' dir='ltr'><strong>durch</strong></span> <span class='ocrx_word' id='word_1_337' title='bbox 1074 3696 1171 3747; x_wconf 87' lang='lat' dir='ltr'><strong>den</strong></span> <span class='ocrx_word' id='word_1_338' title='bbox 1198 3693 1297 3747; x_wconf 87' lang='lat' dir='ltr'><strong>Ge-</strong></span> 
     </span>
     <span class='ocr_line' id='line_1_44' title="bbox 267 3764 1296 3833; baseline 0 -19"><span class='ocrx_word' id='word_1_339' title='bbox 267 3772 490 3827; x_wconf 76' lang='lat' dir='ltr'><strong>gensatz</strong></span> <span class='ocrx_word' id='word_1_340' title='bbox 522 3769 578 3815; x_wconf 87' lang='lat' dir='ltr'><strong>in</strong></span> <span class='ocrx_word' id='word_1_341' title='bbox 617 3767 776 3817; x_wconf 65' lang='lat' dir='ltr'><strong>malis</strong></span> <span class='ocrx_word' id='word_1_342' title='bbox 803 3769 1039 3833; x_wconf 69' lang='lat' dir='ltr'><strong>opinatis</strong></span> <span class='ocrx_word' id='word_1_343' title='bbox 1071 3764 1296 3830; x_wconf 65' lang='grc'><strong>616111011-</strong></span> 
     </span>
     <span class='ocr_line' id='line_1_45' title="bbox 197 3830 1297 3900; baseline 0.003 -19"><span class='ocrx_word' id='word_1_344' title='bbox 197 3862 204 3865; x_wconf 95' lang='grc'><strong>-</strong></span> <span class='ocrx_word' id='word_1_345' title='bbox 274 3830 356 3882; x_wconf 90' lang='grc'><strong>166</strong></span> <span class='ocrx_word' id='word_1_346' title='bbox 383 3832 531 3885; x_wconf 86' lang='lat' dir='ltr'><strong>wird.</strong></span> <span class='ocrx_word' id='word_1_347' title='bbox 571 3834 813 3900; x_wconf 83' lang='lat' dir='ltr'><strong>(Dicere,</strong></span> <span class='ocrx_word' id='word_1_348' title='bbox 858 3835 1060 3897; x_wconf 85' lang='lat' dir='ltr'><strong>docere,</strong></span> <span class='ocrx_word' id='word_1_349' title='bbox 1104 3832 1297 3884; x_wconf 81' lang='lat' dir='ltr'><strong>ducere</strong></span> 
     </span>
     <span class='ocr_line' id='line_1_46' title="bbox 269 3900 1298 3954; baseline 0.001 -4"><span class='ocrx_word' id='word_1_350' title='bbox 269 3900 388 3950; x_wconf 81' lang='grc'><strong>3166</strong></span> <span class='ocrx_word' id='word_1_351' title='bbox 425 3902 477 3951; x_wconf 87' lang='lat' dir='ltr'><strong>in</strong></span> <span class='ocrx_word' id='word_1_352' title='bbox 523 3903 619 3953; x_wconf 86' lang='lat' dir='ltr'><strong>den</strong></span> <span class='ocrx_word' id='word_1_353' title='bbox 657 3904 875 3954; x_wconf 85' lang='lat' dir='ltr'><strong>Hdschr.</strong></span> <span class='ocrx_word' id='word_1_354' title='bbox 916 3902 1035 3954; x_wconf 86' lang='lat' dir='ltr'><strong>sehr</strong></span> <span class='ocrx_word' id='word_1_355' title='bbox 1071 3901 1146 3953; x_wconf 76' lang='lat' dir='ltr'><strong>oft</strong></span> <span class='ocrx_word' id='word_1_356' title='bbox 1181 3912 1298 3952; x_wconf 83' lang='lat' dir='ltr'><strong>ver·-</strong></span> 
     </span>
     <span class='ocr_line' id='line_1_47' title="bbox 273 3970 1247 4037; baseline 0 -18"><span class='ocrx_word' id='word_1_357' title='bbox 273 3970 564 4037; x_wconf 78' lang='lat' dir='ltr'><strong>wecbselt.)</strong></span> <span class='ocrx_word' id='word_1_358' title='bbox 1242 3996 1247 4001; x_wconf 92' lang='lat'><em>-</em></span> 
     </span>
    </p>
   </div>
   <div class='ocr_carea' id='block_1_8' title="bbox 1387 2601 2416 2803">
    <p class='ocr_par' dir='ltr' id='par_1_12' title="bbox 1387 2601 2416 2803">
     <span class='ocr_line' id='line_1_48' title="bbox 1463 2601 2416 2665; baseline -0.002 -13"><span class='ocrx_word' id='word_1_359' title='bbox 1463 2605 1515 2652; x_wconf 73' lang='lat' dir='ltr'><strong>si</strong></span> <span class='ocrx_word' id='word_1_360' title='bbox 1534 2605 1663 2665; x_wconf 81' lang='lat' dir='ltr'><strong>iam,</strong></span> <span class='ocrx_word' id='word_1_361' title='bbox 1690 2615 1820 2665; x_wconf 77' lang='lat' dir='ltr'><strong>ganz</strong></span> <span class='ocrx_word' id='word_1_362' title='bbox 1837 2616 1994 2651; x_wconf 84' lang='lat' dir='ltr'><strong>unser</strong></span> <span class='ocrx_word' id='word_1_363' title='bbox 2011 2615 2200 2664; x_wconf 85' lang='lat' dir='ltr'><strong>„wenu</strong></span> <span class='ocrx_word' id='word_1_364' title='bbox 2218 2601 2416 2652; x_wconf 88' lang='lat' dir='ltr'><strong>schon“</strong></span> 
     </span>
     <span class='ocr_line' id='line_1_49' title="bbox 1387 2668 2416 2735; baseline 0.001 -16"><span class='ocrx_word' id='word_1_365' title='bbox 1387 2692 1466 2733; x_wconf 85' lang='lat'><strong>¹==</strong></span> <span class='ocrx_word' id='word_1_366' title='bbox 1494 2685 1682 2733; x_wconf 84' lang='lat' dir='ltr'><strong>„wenn</strong></span> <span class='ocrx_word' id='word_1_367' title='bbox 1720 2670 1893 2719; x_wconf 84' lang='lat' dir='ltr'><strong>auch“</strong></span> <span class='ocrx_word' id='word_1_368' title='bbox 1913 2686 1926 2731; x_wconf 85' lang='lat'><em>3</em></span> <span class='ocrx_word' id='word_1_369' title='bbox 1976 2668 2164 2720; x_wconf 88' lang='lat' dir='ltr'><strong>ebenso</strong></span> <span class='ocrx_word' id='word_1_370' title='bbox 2205 2671 2292 2735; x_wconf 86' lang='lat'><strong>35,</strong></span> <span class='ocrx_word' id='word_1_371' title='bbox 2321 2671 2416 2720; x_wconf 82' lang='lat'><strong>75:</strong></span> 
     </span>
     <span class='ocr_line' id='line_1_50' title="bbox 1397 2737 2319 2803; baseline 0.001 -16"><span class='ocrx_word' id='word_1_372' title='bbox 1397 2741 1452 2787; x_wconf 74' lang='grc' dir='ltr'><strong>εἰ</strong></span> <span class='ocrx_word' id='word_1_373' title='bbox 1472 2741 1584 2787; x_wconf 85' lang='lat' dir='ltr'><strong>iam</strong></span> <span class='ocrx_word' id='word_1_374' title='bbox 1607 2741 1728 2803; x_wconf 76' lang='lat' dir='ltr'><strong>ipsa</strong></span> <span class='ocrx_word' id='word_1_375' title='bbox 1754 2737 1851 2787; x_wconf 83' lang='lat' dir='ltr'><strong>illa</strong></span> <span class='ocrx_word' id='word_1_376' title='bbox 1875 2753 2136 2787; x_wconf 75' lang='lat' dir='ltr'><strong>accusare</strong></span> <span class='ocrx_word' id='word_1_377' title='bbox 2160 2739 2319 2788; x_wconf 68' lang='lat' dir='ltr'><strong>noli-r.</strong></span> 
     </span>
    </p>
   </div>
   <div class='ocr_carea' id='block_1_9' title="bbox 1403 2821 2418 2958">
    <p class='ocr_par' dir='ltr' id='par_1_13' title="bbox 1403 2821 2418 2958">
     <span class='ocr_line' id='line_1_51' title="bbox 1468 2821 2418 2888; baseline 0.001 -16"><span class='ocrx_word' id='word_1_378' title='bbox 1468 2822 1556 2872; x_wconf 90' lang='grc'><strong>66.</strong></span> <span class='ocrx_word' id='word_1_379' title='bbox 1593 2821 1776 2888; x_wconf 81' lang='lat' dir='ltr'><strong>Atque</strong></span> <span class='ocrx_word' id='word_1_380' title='bbox 1812 2827 1938 2872; x_wconf 87' lang='lat' dir='ltr'><strong>erat</strong></span> <span class='ocrx_word' id='word_1_381' title='bbox 1961 2821 2169 2888; x_wconf 77' lang='lat' dir='ltr'><strong>facile,</strong></span> <span class='ocrx_word' id='word_1_382' title='bbox 2212 2837 2257 2872; x_wconf 92' lang='grc'><strong>3.</strong></span> <span class='ocrx_word' id='word_1_383' title='bbox 2285 2822 2324 2873; x_wconf 91' lang='lat'><strong>1.</strong></span> <span class='ocrx_word' id='word_1_384' title='bbox 2365 2823 2418 2888; x_wconf 84' lang='lat'><strong>8,</strong></span> 
     </span>
     <span class='ocr_line' id='line_1_52' title="bbox 1403 2889 2323 2958; baseline 0.002 -19"><span class='ocrx_word' id='word_1_385' title='bbox 1403 2891 1464 2939; x_wconf 83' lang='lat'><strong>17</strong></span> <span class='ocrx_word' id='word_1_386' title='bbox 1493 2907 1560 2940; x_wconf 90' lang='lat' dir='ltr'><strong>zu</strong></span> <span class='ocrx_word' id='word_1_387' title='bbox 1583 2890 1875 2956; x_wconf 74' lang='lat' dir='ltr'><strong>superbum</strong></span> <span class='ocrx_word' id='word_1_388' title='bbox 1899 2890 1959 2940; x_wconf 85' lang='lat' dir='ltr'><strong>id</strong></span> <span class='ocrx_word' id='word_1_389' title='bbox 1982 2889 2196 2958; x_wconf 82' lang='lat' dir='ltr'><strong>quidem</strong></span> <span class='ocrx_word' id='word_1_390' title='bbox 2224 2897 2323 2941; x_wconf 76' lang='lat' dir='ltr'><strong>est.</strong></span> 
     </span>
    </p>
   </div>
   <div class='ocr_carea' id='block_1_10' title="bbox 1400 2975 2420 3110">
    <p class='ocr_par' dir='ltr' id='par_1_14' title="bbox 1400 2975 2420 3110">
     <span class='ocr_line' id='line_1_53' title="bbox 1455 2975 2417 3042; baseline 0.002 -16"><span class='ocrx_word' id='word_1_391' title='bbox 1455 2991 1588 3026; x_wconf 56' lang='lat' dir='ltr'><strong>team</strong></span> <span class='ocrx_word' id='word_1_392' title='bbox 1623 2978 1927 3040; x_wconf 82' lang='lat' dir='ltr'><strong>rationem,</strong></span> <span class='ocrx_word' id='word_1_393' title='bbox 1967 2991 2041 3026; x_wconf 88' lang='grc'><strong>36.</strong></span> <span class='ocrx_word' id='word_1_394' title='bbox 2083 2975 2417 3042; x_wconf 82' lang='lat' dir='ltr'><strong>Stoicorum,</strong></span> 
     </span>
     <span class='ocr_line' id='line_1_54' title="bbox 1400 3043 2420 3110; baseline 0.002 -16"><span class='ocrx_word' id='word_1_395' title='bbox 1400 3046 1466 3094; x_wconf 91' lang='grc'><strong>66</strong></span> <span class='ocrx_word' id='word_1_396' title='bbox 1513 3043 1653 3095; x_wconf 81' lang='grc'><strong>61636</strong></span> <span class='ocrx_word' id='word_1_397' title='bbox 1701 3044 1780 3095; x_wconf 77' lang='lat' dir='ltr'><strong>als</strong></span> <span class='ocrx_word' id='word_1_398' title='bbox 1829 3044 1919 3095; x_wconf 80' lang='lat' dir='ltr'><strong>das</strong></span> <span class='ocrx_word' id='word_1_399' title='bbox 1959 3044 2157 3110; x_wconf 84' lang='lat' dir='ltr'><strong>einzige</strong></span> <span class='ocrx_word' id='word_1_400' title='bbox 2196 3044 2299 3105; x_wconf 76' lang='lat' dir='ltr'><strong>Gut</strong></span> <span class='ocrx_word' id='word_1_401' title='bbox 2339 3046 2420 3097; x_wconf 86' lang='grc'><strong>616</strong></span> 
     </span>
    </p>
   </div>
   <div class='ocr_carea' id='block_1_11' title="bbox 1285 3112 2421 3180">
    <p class='ocr_par' dir='ltr' id='par_1_15' title="bbox 1285 3112 2421 3180">
     <span class='ocr_line' id='line_1_55' title="bbox 1285 3112 2421 3180; baseline 0.003 -17"><span class='ocrx_word' id='word_1_402' title='bbox 1285 3158 1304 3170; x_wconf 77' lang='lat'><strong>,</strong></span> <span class='ocrx_word' id='word_1_403' title='bbox 1397 3112 1642 3178; x_wconf 80' lang='lat' dir='ltr'><strong>Tugend‚</strong></span> <span class='ocrx_word' id='word_1_404' title='bbox 1681 3113 1759 3164; x_wconf 86' lang='lat' dir='ltr'><strong>als</strong></span> <span class='ocrx_word' id='word_1_405' title='bbox 1798 3113 1890 3166; x_wconf 81' lang='lat' dir='ltr'><strong>das</strong></span> <span class='ocrx_word' id='word_1_406' title='bbox 1915 3115 2113 3180; x_wconf 76' lang='lat' dir='ltr'><strong>einzige</strong></span> <span class='ocrx_word' id='word_1_407' title='bbox 2143 3113 2304 3166; x_wconf 89' lang='lat' dir='ltr'><strong>Uebel</strong></span> <span class='ocrx_word' id='word_1_408' title='bbox 2327 3115 2421 3166; x_wconf 85' lang='grc'><strong>(163</strong></span> 
     </span>
    </p>
   </div>
   <div class='ocr_carea' id='block_1_12' title="bbox 1396 3182 2421 3456">
    <p class='ocr_par' dir='ltr' id='par_1_16' title="bbox 1396 3182 1859 3235">
     <span class='ocr_line' id='line_1_56' title="bbox 1396 3182 1859 3235; baseline 0.002 -1"><span class='ocrx_word' id='word_1_409' title='bbox 1396 3182 1583 3235; x_wconf 68' lang='lat' dir='ltr'><strong>Laeter</strong></span> <span class='ocrx_word' id='word_1_410' title='bbox 1610 3184 1859 3235; x_wconf 87' lang='grc'><strong>66361166.</strong></span> 
     </span>
    </p>

    <p class='ocr_par' dir='ltr' id='par_1_17' title="bbox 1397 3250 2421 3456">
     <span class='ocr_line' id='line_1_57' title="bbox 1406 3250 2417 3319; baseline -0.003 -16"><span class='ocrx_word' id='word_1_411' title='bbox 1406 3299 1417 3303; x_wconf 74' lang='grc'>,</span> <span class='ocrx_word' id='word_1_412' title='bbox 1465 3255 1522 3303; x_wconf 84' lang='lat' dir='ltr'><strong>in</strong></span> <span class='ocrx_word' id='word_1_413' title='bbox 1558 3256 1633 3303; x_wconf 78' lang='lat' dir='ltr'><strong>eis</strong></span> <span class='ocrx_word' id='word_1_414' title='bbox 1670 3256 1803 3319; x_wconf 74' lang='lat' dir='ltr'><strong>ipsis</strong></span> <span class='ocrx_word' id='word_1_415' title='bbox 1830 3253 2145 3318; x_wconf 74' lang='lat' dir='ltr'><strong>potiundis,</strong></span> <span class='ocrx_word' id='word_1_416' title='bbox 2187 3250 2298 3301; x_wconf 85' lang='lat'>8.1.</span> <span class='ocrx_word' id='word_1_417' title='bbox 2328 3251 2417 3315; x_wconf 86' lang='lat'><strong>37,</strong></span> 
     </span>
     <span class='ocr_line' id='line_1_58' title="bbox 1397 3318 2421 3385; baseline -0.002 -14"><span class='ocrx_word' id='word_1_418' title='bbox 1397 3321 1464 3371; x_wconf 83' lang='lat'><strong>90</strong></span> <span class='ocrx_word' id='word_1_419' title='bbox 1492 3337 1557 3371; x_wconf 89' lang='lat' dir='ltr'><strong>zu</strong></span> <span class='ocrx_word' id='word_1_420' title='bbox 1583 3323 1771 3372; x_wconf 83' lang='lat' dir='ltr'><strong>urbem</strong></span> <span class='ocrx_word' id='word_1_421' title='bbox 1795 3327 2045 3375; x_wconf 77' lang='lat' dir='ltr'><strong>nostram</strong></span> <span class='ocrx_word' id='word_1_422' title='bbox 2064 3323 2272 3385; x_wconf 79' lang='lat' dir='ltr'><strong>potiri,</strong></span> <span class='ocrx_word' id='word_1_423' title='bbox 2316 3318 2421 3370; x_wconf 83' lang='lat' dir='ltr'><strong>und</strong></span> 
     </span>
     <span class='ocr_line' id='line_1_59' title="bbox 1397 3387 1904 3456; baseline -0.004 -15"><span class='ocrx_word' id='word_1_424' title='bbox 1397 3388 1584 3456; x_wconf 90' lang='lat' dir='ltr'><strong>Zumpt</strong></span> <span class='ocrx_word' id='word_1_425' title='bbox 1609 3387 1699 3441; x_wconf 85' lang='lat' dir='ltr'><strong>Gr.</strong></span> <span class='ocrx_word' id='word_1_426' title='bbox 1730 3388 1756 3453; x_wconf 83' lang='lat'>§</span> <span class='ocrx_word' id='word_1_427' title='bbox 1782 3389 1904 3439; x_wconf 84' lang='lat'>657.</span> 
     </span>
    </p>
   </div>
   <div class='ocr_carea' id='block_1_13' title="bbox 1398 3440 2441 3591">
    <p class='ocr_par' dir='ltr' id='par_1_18' title="bbox 1398 3440 2441 3591">
     <span class='ocr_line' id='line_1_60' title="bbox 1466 3440 2441 3537; baseline -0.001 -14"><span class='ocrx_word' id='word_1_428' title='bbox 1466 3475 1816 3524; x_wconf 73' lang='lat' dir='ltr'><strong>cachinnatio</strong></span> <span class='ocrx_word' id='word_1_429' title='bbox 1857 3474 1993 3537; x_wconf 73' lang='lat' dir='ltr'><strong>„das</strong></span> <span class='ocrx_word' id='word_1_430' title='bbox 2028 3472 2292 3523; x_wconf 82' lang='lat' dir='ltr'><strong>kindische</strong></span> <span class='ocrx_word' id='word_1_431' title='bbox 2314 3440 2441 3522; x_wconf 23' lang='grc' dir='ltr'><strong>[111-μ</strong></span> 
     </span>
     <span class='ocr_line' id='line_1_61' title="bbox 1398 3541 2108 3591; baseline 0 0"><span class='ocrx_word' id='word_1_432' title='bbox 1398 3541 1525 3591; x_wconf 87' lang='lat' dir='ltr'><strong>cben</strong></span> <span class='ocrx_word' id='word_1_433' title='bbox 1559 3556 1652 3591; x_wconf 80' lang='lat' dir='ltr'><strong>aus</strong></span> <span class='ocrx_word' id='word_1_434' title='bbox 1675 3541 1861 3591; x_wconf 81' lang='lat' dir='ltr'><strong>vollem</strong></span> <span class='ocrx_word' id='word_1_435' title='bbox 1887 3541 2108 3591; x_wconf 83' lang='grc' dir='ltr'><strong>Η6136“.</strong></span> 
     </span>
    </p>
   </div>
   <div class='ocr_carea' id='block_1_14' title="bbox 1399 3624 2426 4038">
    <p class='ocr_par' dir='ltr' id='par_1_19' title="bbox 1399 3624 2425 3961">
     <span class='ocr_line' id='line_1_62' title="bbox 1470 3624 2418 3693; baseline 0.003 -18"><span class='ocrx_word' id='word_1_436' title='bbox 1470 3625 1649 3693; x_wconf 72' lang='lat' dir='ltr'><strong>eodevn</strong></span> <span class='ocrx_word' id='word_1_437' title='bbox 1698 3630 1830 3676; x_wconf 77' lang='lat' dir='ltr'><strong>vitio</strong></span> <span class='ocrx_word' id='word_1_438' title='bbox 1879 3631 1993 3685; x_wconf 75' lang='lat' dir='ltr'><strong>est,</strong></span> <span class='ocrx_word' id='word_1_439' title='bbox 2028 3624 2162 3676; x_wconf 74' lang='lat' dir='ltr'><strong>=Abl.</strong></span> <span class='ocrx_word' id='word_1_440' title='bbox 2214 3626 2418 3691; x_wconf 83' lang='lat' dir='ltr'><strong>qualit.=</strong></span> 
     </span>
     <span class='ocr_line' id='line_1_63' title="bbox 1403 3691 2425 3759; baseline 0.002 -15"><span class='ocrx_word' id='word_1_441' title='bbox 1403 3709 1502 3759; x_wconf 86' lang='lat' dir='ltr'><strong>„es</strong></span> <span class='ocrx_word' id='word_1_442' title='bbox 1539 3693 1611 3744; x_wconf 88' lang='lat' dir='ltr'><strong>ist</strong></span> <span class='ocrx_word' id='word_1_443' title='bbox 1652 3696 1704 3743; x_wconf 91' lang='lat' dir='ltr'><strong>in</strong></span> <span class='ocrx_word' id='word_1_444' title='bbox 1740 3693 1988 3758; x_wconf 75' lang='lat' dir='ltr'><strong>gleichem</strong></span> <span class='ocrx_word' id='word_1_445' title='bbox 2029 3691 2196 3744; x_wconf 82' lang='lat' dir='ltr'><strong>Grade</strong></span> <span class='ocrx_word' id='word_1_446' title='bbox 2234 3692 2425 3746; x_wconf 60' lang='grc'><strong>11111161·-</strong></span> 
     </span>
     <span class='ocr_line' id='line_1_64' title="bbox 1399 3760 2423 3826; baseline 0.003 -14"><span class='ocrx_word' id='word_1_447' title='bbox 1399 3762 1575 3826; x_wconf 83' lang='lat' dir='ltr'><strong>baft“,</strong></span> <span class='ocrx_word' id='word_1_448' title='bbox 1616 3762 1705 3814; x_wconf 77' lang='lat' dir='ltr'><strong>fiir</strong></span> <span class='ocrx_word' id='word_1_449' title='bbox 1726 3761 1821 3811; x_wconf 84' lang='grc'><strong>663</strong></span> <span class='ocrx_word' id='word_1_450' title='bbox 1857 3760 2107 3826; x_wconf 68' lang='lat' dir='ltr'><strong>gewiibnl.</strong></span> <span class='ocrx_word' id='word_1_451' title='bbox 2146 3766 2205 3812; x_wconf 85' lang='lat' dir='ltr'><strong>in</strong></span> <span class='ocrx_word' id='word_1_452' title='bbox 2240 3763 2423 3815; x_wconf 84' lang='lat' dir='ltr'><strong>eodem</strong></span> 
     </span>
     <span class='ocr_line' id='line_1_65' title="bbox 1399 3830 2425 3896; baseline 0.002 -14"><span class='ocrx_word' id='word_1_453' title='bbox 1399 3834 1535 3883; x_wconf 81' lang='lat' dir='ltr'><strong>vitio</strong></span> <span class='ocrx_word' id='word_1_454' title='bbox 1577 3836 1686 3895; x_wconf 72' lang='lat' dir='ltr'><strong>est,</strong></span> <span class='ocrx_word' id='word_1_455' title='bbox 1729 3845 1909 3894; x_wconf 80' lang='lat' dir='ltr'><strong>wegen</strong></span> <span class='ocrx_word' id='word_1_456' title='bbox 1945 3830 2035 3881; x_wconf 87' lang='lat' dir='ltr'><strong>des</strong></span> <span class='ocrx_word' id='word_1_457' title='bbox 2062 3830 2329 3896; x_wconf 78' lang='lat' dir='ltr'><strong>folgenden</strong></span> <span class='ocrx_word' id='word_1_458' title='bbox 2366 3837 2425 3884; x_wconf 81' lang='lat' dir='ltr'><strong>in</strong></span> 
     </span>
     <span class='ocr_line' id='line_1_66' title="bbox 1402 3900 2165 3961; baseline 0.003 -12"><span class='ocrx_word' id='word_1_459' title='bbox 1402 3900 1637 3951; x_wconf 79' lang='lat' dir='ltr'><strong>laetitia.</strong></span> <span class='ocrx_word' id='word_1_460' title='bbox 2156 3953 2165 3961; x_wconf 71' lang='lat'>‚</span> 
     </span>
    </p>

    <p class='ocr_par' dir='ltr' id='par_1_20' title="bbox 1471 3968 2426 4038">
     <span class='ocr_line' id='line_1_67' title="bbox 1471 3968 2426 4038; baseline 0 -17"><span class='ocrx_word' id='word_1_461' title='bbox 1471 3972 1662 4038; x_wconf 67' lang='lat' dir='ltr'><strong>effusio</strong></span> <span class='ocrx_word' id='word_1_462' title='bbox 1700 3970 1871 4020; x_wconf 80' lang='lat' dir='ltr'><strong>animi</strong></span> <span class='ocrx_word' id='word_1_463' title='bbox 1910 3968 2035 4034; x_wconf 88' lang='lat' dir='ltr'><strong>„die</strong></span> <span class='ocrx_word' id='word_1_464' title='bbox 2058 3968 2426 4037; x_wconf 79' lang='lat' dir='ltr'><strong>Ausgelassen-</strong></span> 
     </span>
    </p>
   </div>
  </div>
 </body>
</html>
