2784 4534
908 271 1470 371 L13ER‘11137‚15.
1532 274 1699 339 8,16.
1783 232 1789 237 ⁹
2273 270 2393 333 123

236 432 295 501 si
326 431 597 514 quando,
649 450 717 492 se
749 451 899 494 esse
947 427 1222 497 fateatur.
1269 432 1475 511 ‚Quae
1496 434 1596 515 qui
1639 418 1888 517 recipit,
1938 437 2192 519 recipiat
2233 439 2390 501 idem
2478 490 2489 497 ,

240 537 495 581 neeesse
527 527 625 580 est
647 515 1024 595 timiditatem
1067 527 1129 579 et
1156 517 1482 600 ignaviam.
1557 518 1692 581 Non
1740 521 1957 585 eadunt
1998 534 2199 585 autem
2246 523 2391 587 haee

237 603 305 666 in
326 603 558 669 mrum
568 602 806 669 fortem.
861 600 1064 684 Igitur
1076 623 1152 665 ne
1183 604 1495 703 aegritudo
1523 605 1783 686 quidem
1832 605 1913 668 At
1940 627 2113 671 nemo
2136 610 2387 692 sapiens
2484 670 2493 675 ,

155 724 172 741 2
239 688 363 755 nisi
391 687 592 756 fortis.
641 687 699 751 N
701 708 780 749 on
813 689 987 750 cadet
1015 707 1159 771 ergo
1190 689 1254 750 in
1285 690 1615 772 sapientem
1646 690 1981 773 aegtitudo.

417 824 741 887 Praeterea
771 816 1022 888 necesse
1055 835 1183 900 est,
1233 825 1334 906 qui
1367 824 1540 888 fortis
1573 824 1688 902 sit,
1739 828 1990 890 eundem
2025 848 2160 893 esse
2192 832 2394 913 magni
2429 844 2492 893 15

236 908 468 986 animi3
531 910 627 991 qui
662 911 862 992 magni
893 911 1076 973 animi
1109 910 1224 986 sit,
1274 910 1604 989 invictum,
1653 911 1752 992 qui
1793 913 2052 976 invictus
2096 915 2211 990 sit,
2259 935 2393 981 eum

241 1013 343 1057 res
378 994 665 1057 humanas
697 988 1006 1087 despicere
1035 1005 1230 1077 atque
1261 995 1421 1057 infra
1451 1016 1517 1059 se
1550 996 1773 1079 positas
1806 997 2105 1063 arbitrari.
2185 961 2395 1084 bespi-

241 1099 384 1142 cere
417 1090 613 1142 autem
645 1101 820 1142 nemo
854 1091 1050 1163 potest
1082 1100 1183 1144 eas
1216 1100 1315 1144 res
1338 1126 1353 1156 ,
1408 1092 1651 1165 propter
1697 1104 1844 1164 quas
1889 1083 2261 1167 aegritudine
2308 1088 2395 1148 af-

241 1164 337 1228 fici
369 1176 584 1255 potest.
678 1166 778 1227 Ex
821 1187 936 1248 quo
969 1167 1253 1243 efficitur,
1285 1168 1541 1230 fortem
1566 1167 1763 1230 virum
1808 1169 2181 1253 aegritudine
2225 1193 2396 1233 num-

235 1254 419 1332 ‘quam
454 1250 623 1313 affici.
677 1250 895 1313 Omnes
928 1262 1124 1315 autem
1156 1251 1458 1335 sapientes
1491 1253 1701 1322 fortes.
1759 1217 1917 1316 Nono
1927 1255 2084 1318 eadit
2114 1255 2300 1339 igitur
2328 1257 2392 1319 in
2426 1292 2433 1297 ·

242 1338 576 1419 sapientem
608 1338 942 1418 aegritudo,
993 1339 1071 1399 Et
1100 1338 1589 1419 quemadmodum
1622 1338 1828 1403 oculus
1855 1341 2240 1405 conturbatus
2273 1363 2395 1404 non
2490 1386 2497 1391 x

66 1432 339 1495 ,sest
368 1422 551 1504 probe
584 1422 829 1487 affectus
861 1424 933 1486 ad
964 1445 1136 1495 suum
1167 1444 1382 1486 munus
1418 1415 1816 1509 fungendum,
1868 1435 1928 1488 et
1957 1426 2226 1509 reliquae
2257 1448 2392 1510 par-

241 1517 335 1569 tes
367 1517 635 1570 totumve
667 1529 920 1606 corpuS,
969 1519 1127 1571 statu
1172 1531 1347 1607 quum
1398 1520 1489 1573 est
1521 1521 1783 1588 motum,
1831 1511 2002 1574 deest
2044 1510 2234 1575 officio
2281 1533 2389 1577 suo

243 1604 306 1655 et
336 1593 607 1656 muneri:
659 1593 746 1656 sie
779 1595 1165 1675 conturbatus
1195 1595 1428 1659 animus
1471 1616 1589 1675 non
1624 1606 1718 1659 est
1749 1608 1918 1679 aptus
1951 1598 2024 1660 ad
2055 1617 2392 1678 exsequen-

241 1678 380 1741 dum
412 1700 624 1742 munus
657 1702 850 1743 suum.
924 1680 1140 1743 Munus
1173 1689 1371 1745 autem
1405 1679 1585 1742 animi
1617 1686 1711 1743 est
1735 1681 1971 1743 ratione
2001 1682 2153 1743 bene
2186 1683 2294 1760 uti,
2333 1694 2396 1744 et

203 1761 218 1767 ’
242 1765 533 1847 sapientis
565 1764 797 1829 animus
830 1765 914 1827 ita
946 1779 1215 1849 semper
1207 1765 1459 1830 affectus
1492 1774 1607 1841 est,
1643 1775 1709 1828 ut
1738 1767 1974 1828 ratione
2006 1767 2227 1850 optime
2260 1778 2392 1831 uta-

243 1860 363 1912 tur.
412 1849 745 1948 Numquam
776 1848 961 1935 igitur
992 1860 1086 1913 est
1116 1832 1520 1934 perturbatus.
1569 1850 1649 1911 At
1679 1851 1990 1934 aegritudo
2021 1853 2390 1935 perturbatio

246 1945 341 1999 est
370 1935 577 1998 animi.
629 1899 878 2019 Semper
906 1937 1089 2019 igitur
1119 1956 1190 1998 ea
1221 1936 1460 2018 sapiens
1492 1936 1746 1999 vacabit.

415 2053 562 2119 Veri
607 2054 785 2119 etiam
831 2055 1044 2123 simile
1071 2055 1215 2119 illud
1255 2066 1383 2133 est,
1435 2056 1535 2138 qui
1581 2057 1695 2118 sit
1690 2020 2154 2139 temperans—
2206 2076 2386 2138 quem
2429 2056 2477 2128 8
2535 2061 2555 2068 “

242 2138 462 2202 Graeci
508 2134 821 2227 σωφρονα
862 2141 1160 2224 appellant
1198 2161 1447 2223 eamque
1490 2142 1774 2206 virtutem
1825 2135 2255 2228 σωφροσύνην
2283 2164 2392 2205 vo·-
2427 2155 2491 2206 16

243 2236 415 2302 eant,
466 2245 641 2308 quam
673 2226 839 2290 soleo
871 2226 1144 2308 equidem
1175 2238 1299 2291 tum
1325 2227 1819 2311 temperantiam,
1874 2236 1997 2291 tum
2032 2227 2393 2291 moderatio·
2470 2282 2471 2289 ,

242 2330 380 2373 nem
409 2310 743 2397 appellare,
765 2332 1234 2394 nonnumquam
1280 2313 1460 2379 etiam
1503 2313 1893 2390 modestiam,
1943 2315 2050 2377 sed
2082 2313 2235 2379 haud
2266 2314 2395 2378 seio

241 2417 321 2459 an
361 2407 523 2489 reete
569 2416 643 2458 ea
684 2397 879 2461 virtus
925 2399 1233 2482 frugalitas
1280 2398 1570 2513 appellari
1615 2399 1839 2481 possit,
1844 2399 2053 2496 quod
2083 2400 2394 2523 angustius

242 2557 497 2607 imitatu}
520 2582 591 2593 -
616 2563 672 2607 et
706 2558 973 2624 aliquem,
1009 2563 1062 2608 si
1081 2560 1265 2624 sorte,
1369 2559 1478 2622 vgl.
1520 2559 1697 2622 8,18:
1739 2561 1920 2609 aberit
1957 2562 2135 2624 igitur
2172 2568 2296 2622 ete.;
2336 2562 2388 2626 9,

246 2628 473 2675 motum.
1375 2628 1471 2677 19:
1511 2629 1744 2678 vacabit.

314 2697 536 2759 recipit,
580 2697 935 2760 recipiat-*,
966 2696 1264 2748 absiehtlich
1440 2691 1631 2751 816.
1677 2698 1773 2760 qm·
1800 2698 1880 2745 sit
1902 2701 2226 2760 temperam-
2284 2695 2395 2745 Der

244 2776 302 2811 so
338 2761 559 2826 gestent.
601 2761 729 2826 Vgl.
760 2762 823 2813 ΙΙ.
855 2763 940 2827 21,
969 2766 1065 2814 47:
1106 2765 1269 2816 Sz‘ni-
1370 2763 1628 2814 Naehsatz
1670 2762 1799 2826 folgt
1832 2763 1988 2825 επις
2018 2762 2112 2811 18:
2152 2778 2272 2813 eum
2306 2778 2394 2812 ne-

248 2831 327 2880 Ιιίἰ
346 2836 491 2881 esset
513 2831 693 2894 aliud,
736 2833 872 2882 nillil
895 2838 1037 2883 esset
1058 2834 1269 2883 homine
1371 2848 1514 2883 cesse
1567 2837 1808 2894 estesse
1855 2835 2213 2880 constantem.
2285 2831 2392 2881 Das

247 2892 579 2964 deformius,-
625 2870 711 2949 lli.
756 2901 938 2963 5,11.
992 2908 1060 2951 ut
1089 2902 1278 2967 furor
1370 2915 1534 2966 ganze
1561 2899 1760 2965 Cupitel
1794 2899 1862 2949 ist
1885 2899 1988 2948 voli
2013 2915 2110 2959 von
2135 2897 2394 2951 Anakolu-

245 2996 315 3004 —
330 2971 540 3032 possit,
581 2985 686 3019 non
718 2972 907 3035 possit
929 2974 1176 3030 imarum
1212 2971 1264 3033 9,
1370 2970 1511 3021 thien
1537 2969 1640 3019 und
1665 2967 2012 3035 eomplieirten
2036 2967 2396 3020 Einsebaltun-

248 3036 347 3086 20·
386 3039 441 3086 si
467 3065 522 3073 -—
550 3043 752 3104 posset,
780 3044 967 3102 posset
990 3043 1156 3090 etiam
1173 3066 1227 3075 --
1371 3054 1489 3102 gen,
1521 3038 1603 3088 die
1631 3039 1769 3089 nieht
1793 3037 1970 3088 bloss'
1957 3053 2008 3086 ιιι
2033 3037 2397 3089 absiohtlieher

248 3105 334 3169 31,
367 3106 464 3154 75:
516 3107 774 3171 quamdiu
813 3111 982 3171 vz'oeit,
1035 3112 1181 3158 vz‘oez't
1211 3057 1268 3165 εἴτι
1368 3105 1735 3170 Naehahmung
1759 3107 1850 3157 der
1873 3106 2250 3179 gewiihnliehen
2278 3105 2396 3158 Um·-

247 3174 432 3234 tantm
490 3174 551 3224 de
589 3173 675 3225 fin.
728 3173 794 3224 11.
834 3175 920 3240 21,
962 3177 1060 3226 68:
1122 3176 1271 3243 quod
1370 3177 1772 3241 gangsspraehe,
1822 3176 2038 3225 sondern
2077 3166 2204 3225 auch
2232 3175 2283 3223 in
2311 3175 2396 3225 Ci-

247 3243 398 3292 nobis
424 3257 528 3291 non
555 3244 732 3306 liceat,
765 3244 929 3294 liceat
950 3245 1079 3295 illis.
1355 3240 1518 3295 xceros
1532 3244 1780 3295 Zweifeln
1804 3244 1906 3295 und
1923 3243 2236 3294 Sehwanken
2265 3244 2396 3298 iiber

230 3307 234 3310 ’
318 3325 382 3359 ne
429 3311 721 3376 aegritudo
765 3312 1012 3378 quidem,
1056 3328 1100 3363 5.
1130 3313 1261 3363 zul.
1370 3314 1453 3365 die
1481 3313 1644 3364 Saehe
1682 3313 1842 3363 selbst
1882 3312 2018 3374 (eine
2042 3311 2290 3379 passende
2314 3311 2395 3361 la-

232 3378 655 3443 ·6,11;ebens0
682 3381 734 3445 9,
765 3381 861 3446 19,
905 3380 986 3445 10,
1018 3382 1103 3431 21.
1370 3382 1621 3433 teinisehe
1637 3376 2023 3443 Uebersetzung
2045 3395 2144 3428 von
2169 3390 2395 3450 σωφρο-

324 3447 406 3497 15.
445 3447 519 3498 ad
558 3449 755 3499 munti-s·
788 3449 944 3521 sung
945 3448 1167 3513 endum,
1221 3466 1264 3501 5.
1372 3444 1534 3514 σύνη)
1558 3450 1702 3503 ihren
1731 3448 1906 3498 Grund
1933 3448 2112 3498 haben.

251 3514 432 3582 Zumpt
459 3514 547 3566 Gr.
580 3518 747 3581 5657.
788 3517 993 3579 (Doch
979 3533 1029 3568 ιιι
1055 3488 1270 3569 Ver’bin-
1443 3523 1664 3584 eamque
1687 3521 1972 3579 vertutem,
2018 3514 2355 3582 Uebergang
2341 3534 2393 3569 ιιι

252 3584 392 3649 dung
419 3585 512 3634 mit
548 3602 660 3637 5555
693 3602 831 3637 muss
870 3588 954 3638 die
976 3587 1265 3653 unpersiinl.
1333 3588 1455 3637 -die
1491 3586 1643 3637 Form
1679 3585 1771 3635 des
1810 3554 2178 3651 Hauptsatzes,
2219 3584 2303 3635 fiir
2340 3592 2398 3637 et

253 3652 610 3706 construction
635 3657 862 3706 stehen:
917 3658 1020 3706 hoe
1052 3671 1273 3707 munero
1343 3659 1525 3706 'cums
1542 3658 1827 3704 virtutem.
1865 3652 1985 3716 vgl.
2016 3654 2055 3704 1.
2084 3655 2170 3718 44,
2178 3655 2300 3711 106
2326 3672 2394 3705 zu

119 3734 134 3737 “
237 3721 584 3792 fungendum
610 3729 711 3775 est.
721 3731 739 3785 )
1372 3736 1542 3790 neque
1569 3728 1623 3772 te
1644 3726 1754 3772 mei
1772 3725 2012 3773 miseret.

316 3789 549 3842 vacabit.
589 3790 957 3843 DasFuturnm
982 3792 1096 3843 tritt
1119 3794 1271 3845 (nach
1443 3791 1591 3858 quod
1611 3817 1681 3831 --
1704 3791 1880 3841 valete
1951 3806 2099 3852 „was
2148 3790 2394 3856 (nimlieh

217 3864 760 3924 vorangesangenem
811 3861 1049 3924 Ριίιεοιω)
1105 3860 1277 3941 ha'ufig
1360 3861 1702 3926 frugalitas)
1728 3860 1810 3910 die
1826 3826 2118 3910 Griec’hen'
2103 3876 2154 3910 ιιι
2181 3868 2397 3925 engeren·

251 3925 333 3977 bei
371 3926 555 3980 Cicero
604 3929 656 3978 in
705 3931 798 3982 der
843 3931 1113 3982 conclusio
1150 3929 1268 3994 eing
1372 3929 1671 3994 Bedeutnng
1692 3928 1976 3980 nehmen“.
