2784 4534
277 919 346 970 34

278 2029 344 2079 35

379 290 465 385 24⁴
1120 288 1437 365 mesni.
1476 308 1557 377 15
1589 309 1795 363 34135

378 464 440 539 et
498 482 751 537 externa

379 570 491 625 ret
513 560 578 627 in
617 577 755 622 men

874 491 1112 547 aeram,
1176 468 1356 548 mihi·
1405 470 1545 546 sed,
1605 469 1810 535 neseio
1851 489 1967 551 quo
2017 469 2237 546 modo,
2301 467 2526 531 inhae-

847 578 914 623 us
958 555 1125 655 quasi
1169 555 1509 619 seculorum
1564 555 1854 638 quoddam
1906 553 2221 652 augurium
2280 555 2514 619 futuro-

376 669 545 745 rum3
580 643 803 727 idque
785 664 854 705 m-
878 642 1160 707 maximis
1190 641 1450 725 ingeniis
1481 640 1906 723 altissimisque
1935 639 2151 705 animis
2183 648 2243 701 et
2263 638 2511 703 exsistit

377 732 639 797 maxime
684 739 745 792 et
790 738 1032 813 apparet
1073 727 1372 790 facillime.

1466 726 1594 806 Quo
1626 726 1859 808 quidem
1890 726 2160 809 dempto,
2211 724 2340 811 quis
2385 734 2512 786 tam

380 828 541 885 esset
571 835 776 880 amens
795 860 812 892 ,
849 814 947 898 qui
977 834 1212 896 semper
1240 814 1305 876 in
1334 813 1637 876 laboribus
1670 822 1730 874 et
1759 811 2036 896 periculis
2066 806 2340 875 viveret?

545 903 783 984 Loquor
811 900 885 963 de
915 898 1311 984 principibus3
1360 898 1499 982 quid
1528 900 1784 981 poetae?
1833 917 2032 960 nonne
2078 907 2211 981 post
2255 905 2510 959 mortem

379 986 681 1055 nobilitari
712 984 965 1055 volunt?
994 985 1148 1049 unde
1179 1004 1323 1068 ergo
1353 983 1543 1048 illud?

384 1120 391 1128 .
658 1071 805 1135 Ads
852 1073 1019 1147 scete,
1056 1092 1090 1131 o
1124 1091 1308 1146 caves,
1343 1072 1509 1135 senis
1538 1067 1717 1133 Enni
1742 1066 2357 1154 image‘raealsjbrmam

747 1093 871 1218 {fc
901 1165 1170 1218 vostrum
1196 1158 1436 1239 panant
1461 1176 1757 1218 maoeuma
1768 1152 1963 1237 facta
1983 1162 2262 1238 patrum.

375 1242 712 1319 Mercedem
757 1239 984 1323 gloriae
1027 1240 1255 1351 flagitat
1294 1240 1416 1303 ab
1399 1240 1510 1319 iis,
1562 1261 1813 1322 quorum
1842 1249 2043 1323 patres
2074 1237 2355 1304 affecerat
2382 1236 2532 1320 glo--

377 1330 502 1392 ria
483 1374 504 1411 ,
532 1328 840 1408 idemque.

660 1410 858 1476 Nemo
890 1434 984 1474 me
1013 1412 1312 1475 lacrumis
1341 1411 1593 1474 decoret
1628 1409 2181 1496 necfunerafletu

754 1498 978 1562 Famis.
1031 1493 1209 1560 Cur?
1238 1497 1429 1561 volito
1459 1498 1633 1558 vivus
1651 1516 1775 1580 per
1805 1517 1920 1559 ora
1949 1517 2172 1559 mrum.

378 1585 493 1648 Sed
524 1583 661 1667 quid
691 1584 938 1680 poetas?
983 1581 1235 1681 Opifices
1265 1593 1402 1666 post
1429 1591 1681 1644 mortem
1715 1580 2020 1645 nobilitari
2048 1580 2277 1645 volunt.
2358 1579 2512 1658 Quid

378 1671 547 1736 enim
562 1669 804 1733 Phidias
847 1667 940 1732 sui
970 1665 1225 1732 similem
1256 1668 1514 1752 speciem
1544 1666 1846 1729 inclusit
1829 1688 1892 1729 in
1932 1665 2140 1751 clypeo
2169 1665 2508 1741 Minervae,

376 1778 554 1839 quum
583 1753 913 1852 inscribere
944 1774 1066 1816 non
1094 1754 1347 1817 liceret?
1407 1752 1557 1832 Quid
1589 1751 1777 1817 nostri
1811 1751 2186 1837 philosophi?
2216 1770 2415 1819 nonne
2445 1749 2516 1813 in

374 1842 469 1905 his
498 1840 713 1904 libris
696 1839 878 1924 ipsiS‚
930 1860 1079 1922 quos
1109 1840 1380 1903 scribunt
1408 1840 1481 1901 de
1512 1838 1943 1903 contemnenda
1986 1837 2212 1921 gloria,
2260 1857 2373 1900 sua
2401 1857 2516 1898 no·-

376 1929 537 1994 mina
565 1926 946 1997 inscribunt?

548 2011 769 2093 Quodsi
801 2009 1064 2073 omnium
1095 2029 1424 2073 consensus
1447 2019 1696 2072 naturae
1726 2028 1853 2072 vox
1882 2017 1996 2085 est,
2036 2028 2381 2090 omnesque,
2411 2009 2518 2090 qui

376 2101 594 2183 ubique
625 2106 784 2173 sunt,
823 2094 1225 2170 consentiunt,
1261 2114 1396 2159 esse
1413 2095 1654 2177 aliquid,
1690 2094 1843 2176 quod
1860 2093 1933 2156 ad
1950 2113 2053 2157 eos
2071 2094 2388 2177 pertineat,
2409 2093 2517 2175 qui

375 2187 501 2250 vita
521 2181 849 2246 cesserint.
882 2178 1056 2242 nobis
1074 2199 1303 2261 quoque
1333 2181 1489 2249 idem
1510 2180 1971 2245 existimandum
1989 2189 2102 2245 est.
2161 2181 2238 2248 Et
2254 2179 2330 2256 si,
2367 2201 2520 2262 quo-

374 2292 510 2334 rum
539 2278 641 2332 aut
670 2264 913 2363 ingenio
945 2274 1048 2327 aut
1077 2263 1302 2331 virtute
1332 2266 1567 2333 animus
1599 2265 1878 2343 excellit,
1927 2285 2032 2328 eos
2064 2265 2510 2364 arbitrabimur,

375 2356 511 2440 quia
541 2363 755 2416 natura
787 2349 1008 2433 optima
1037 2349 1180 2445 sint
1218 2372 1472 2431 cernere
1503 2362 1753 2414 naturae
1782 2351 1903 2415 vim
1935 2352 2231 2414 maxime·
2269 2351 2398 2415 veri
2427 2350 2528 2413 si*

371 2530 677 2597 Beispielen,
716 2529 801 2581 die
823 2528 944 2591 (wie
973 2527 1053 2578 die
1079 2531 1388 2591 genannteu)

373 2600 463 2650 der
483 2597 897 2662 Vorgangenheit
919 2614 953 2647 ιι
967 2614 997 2647 ιι
1012 2598 1043 2647 d
1074 2614 1103 2647 z
1118 2613 1151 2647 ιι
1167 2612 1198 2660 g
1212 2597 1303 2647 lei
1318 2614 1344 2655 c
1358 2599 1390 2646 h

373 2669 485 2721 dem
566 2667 823 2719 Auslande
905 2667 1192 2730 angehb'reu
1212 2703 1228 2729 ‚
1325 2682 1389 2717 zu

373 2738 626 2790 suchen“.
659 2736 834 2788 Daher
859 2742 915 2786 et
937 2763 1007 2774 —-
1031 2741 1103 2799 et,
1132 2735 1234 2784 und
1251 2735 1404 2786 nicht

370 2813 476 2859 aut
495 2833 563 2844 —-
590 2813 709 2858 aut.

442 2875 527 2925 34.
577 2875 641 2924 dc
678 2876 1019 2942 principibus
1083 2874 1150 2922 im
1200 2868 1396 2937 engern'-

372 2942 526 2992 Sinne
559 2958 658 2993 von
694 2942 1095 3007 hochgestellten
1136 2941 1390 2993 Staats-

371 3010 634 3074 miinnern,
663 3011 870 3075 wie42‚
902 3011 1020 3060 101.

440 3079 579 3131 illud
620 3078 811 3144 „jener
843 3077 1200 3145 Ausspruch“.
1264 3076 1389 3127 Dies

372 3147 670 3198 Substantiv
717 3148 845 3198 liisst
878 3146 983 3196 'der
1014 3145 1261 3197 Lateiner
1307 3146 1388 3195 bei

375 3216 577 3268 Citaten
605 3223 731 3267 stets
755 3232 897 3281 weg,
950 3230 998 3265 z.
1027 3214 1084 3264 Β.
1119 3214 1181 3264 ΙΙ.
1212 3215 1262 3278 5,
1294 3215 1386 3265 13:

373 3286 512 3336 illud
555 3282 724 3339 Accii.
784 3285 891 3335 Das
940 3283 1086 3347 ohige
1123 3282 1391 3335 Distichon

374 3355 473 3405 soll
520 3354 629 3404 also
668 3353 863 3407 Ennius
911 3369 976 3403 zu
1024 3352 1213 3403 seinem
1247 3352 1389 3402 Bilde

371 3424 460 3485 fiir
494 3424 606 3475 sein
640 3422 882 3474 Grabmal
929 3422 1161 3484 gemacht
1201 3420 1384 3472 haben.

432 3496 643 3558 panxit
672 3515 743 3535 επ
783 3493 1084 3556 composuit
1094 3511 1112 3551 ,-
1172 3489 1389 3557 Auspic-

372 3561 496 3624 lung
543 3559 638 3611 auf
677 3561 816 3610 scine
850 3560 1115 3623 Annales,
1169 3575 1211 3610 s.
1259 3560 1386 3611 oben

442 3697 552 3750 Sed
585 3698 717 3765 quid
754 3701 991 3764 poetas?
1045 3713 1119 3750 sc.
1159 3699 1389 3766 profero

373 3767 497 3819 oder
532 3782 858 3833 persequor,
908 3767 1021 3818 eine
1060 3767 1143 3818 bei
1179 3767 1385 3821 solcb‘en

372 3832 735 3900 Uebergingen
774 3804 894 3889 sel'n·
927 3836 1273 3901 gewiilmliche
1297 3835 1388 3887 El·-

374 3902 522 3970 lipse.
560 3903 869 3975 vgt.11.17‚
897 3906 993 3956 41.
1032 3905 1248 3972 Pugile-s
1269 3920 1386 3954 cae—

370 3972 545 4027 stibus
617 3979 834 4027 contusa·
899 3989 964 4025 ne
996 3976 1406 4049 ‚ingemiscunt

1496 2529 1728 2595 quidem.
1792 2528 1901 2580 Sed
1941 2530 2072 2595 qued
2107 2530 2241 2583 hos?
2291 2528 2514 2579 Gladza-

1497 2603 1640 2648 tores
1663 2624 1733 2634 -—
1758 2614 1892 2663 quas
1913 2598 2110 2663 plagas
2129 2599 2454 2662 perferunt!

1561 2666 1779 2716 Phidias
1809 2666 1949 2716 hatte
1975 2666 2056 2715 bei
2083 2665 2252 2716 seiner
2277 2665 2516 2717 beriihm-

1491 2743 1579 2787 ten
1615 2733 1886 2785 elfenbein.
1916 2734 2173 2785 Bildsiiule
2200 2736 2291 2785 der
2311 2735 2509 2786 Athene

1494 2804 1589 2855 auf
1641 2803 1752 2855 dem
1803 2802 2004 2854 Schilde
2064 2805 2156 2854 der
2203 2802 2375 2854 Gottin
2425 2805 2510 2856 die

1493 2872 2011 2923 Amazonenschlacht
2051 2874 2153 2923 und
2192 2874 2288 2922 den
2326 2871 2530 2940 Rumpf

1495 2943 1587 2992 der
1622 2940 1873 3004 Gigantea
1913 2942 1962 2991 in
2013 2941 2296 2993 erhabeuer
2328 2940 2508 2992 Arbeit

1495 3010 1794 3073 dai-gestent
1837 3012 1937 3061 und
1976 3010 2123 3061 dabei
2159 3010 2267 3060 sein
2302 3011 2508 3074 eigenes

1495 3079 1606 3128 Bild
1620 3077 1947 3144 engebracht,
1974 3079 2246 3143 intdorArt,
2263 3080 2383 3130 dass
2396 3079 2522 3129 dies-

1496 3147 1593 3198 den
1617 3161 1811 3211 ganzen
1839 3147 2011 3199 Sehild
2036 3149 2473 3199 zusammenhielt.

1562 3218 1651 3265 sui
1705 3217 1948 3268 similem.
2024 3216 2132 3268 Von
2183 3217 2361 3268 Cicero
2405 3219 2509 3269 und

1496 3285 1544 3336 d.
1583 3285 1750 3335 iiltern
1788 3284 2048 3337 Schriftst.
2076 3285 2255 3337 iiberh.
2285 3287 2410 3337 wird
2434 3292 2512 3337 si-

1492 3354 1636 3404 milis
1660 3353 1742 3403 bei
1767 3354 2013 3407 lebenden
2038 3353 2227 3406 Wesen
2255 3353 2356 3405 fast
2379 3362 2510 3407 stets

1492 3422 1585 3475 mit
1609 3424 1718 3473 dem
1745 3420 1953 3473 Genitiv
1969 3459 1986 3487 ,
2027 3423 2110 3472 bei
2133 3425 2361 3475 leblosen
2385 3422 2511 3474 Din-

1493 3506 1589 3555 gen
1621 3491 1716 3542 mit
1750 3492 1861 3542 dem
1887 3490 2017 3543 Gen.
2056 3493 2179 3543 oder
2201 3492 2357 3544 Dativ
2379 3493 2520 3544 ohne-

1493 3558 1826 3611 Unterschied
1874 3561 2171 3624 gebraucht.
2239 3561 2360 3612 Erst
2410 3563 2513 3612 seit

1490 3627 1671 3678 Livius
1717 3629 1819 3679 und
1866 3630 1963 3680 den
1998 3630 2240 3681 Dichtern
2280 3630 2371 3681 der
2406 3633 2520 3682 Au-

1492 3690 1904 3760 gustischenZeit
1915 3700 2088 3750 wurde
2103 3700 2196 3749 der
2208 3699 2363 3749 Dativ
2375 3701 2513 3751 anch

1491 3766 1558 3816 im
1586 3774 1785 3817 erstern
1810 3766 1956 3819 Folle
1989 3768 2411 3819 vorherrschend.

1560 3837 1866 3896 inscribere,
1904 3852 1976 3889 se.
2005 3852 2197 3891 nomen
2219 3853 2396 3888 mum.

1559 3920 1659 3953 sua
1683 3907 2242 3961 nomt'na.inecn‘bunt.
2295 3905 2512 3957 Densel-

1490 3972 1588 4029 bssn
1626 3970 1901 4027 Gedanken
1939 3989 1988 4041 Q
2023 3990 2070 4042 p.
2113 3975 2270 4027 Areh.
2304 3975 2386 4040 11,
2415 3975 2507 4027 26.
