2784 4534
303 318 310 331 ‚
399 244 542 383 ‘226
597 343 605 355 ,
867 304 874 309 ›
932 281 937 286 ·
1022 287 1363 357 mnnnv.
1399 289 1485 356 11,
1515 286 1603 340 34.
1667 286 1750 354 12,
1784 287 1873 341 35.

412 452 490 515 lis
545 448 878 534 obsignatis
937 448 1069 534 agis
1122 468 1352 533 mecum
1404 457 1465 511 ct
1512 447 1858 513 testificaris
1877 494 1894 525 ‚
1945 448 2085 532 quid
2137 447 2399 517 dixerim
2457 449 2575 512 ali-
2774 226 2784 491 i

414 537 649 622 quando
680 545 783 600 aut
811 534 1177 622 scripserim.
1221 533 1388 598 -Cum
1418 530 1553 598 aliis
1584 533 1703 599 isto
1735 534 1944 612 modo,
1981 535 2080 618 qui
2111 531 2344 619 legibus
2374 534 2570 619 impo-

414 624 548 687 sitis
608 622 947 706 disputant3
1027 641 1137 684 nos
1196 620 1260 683 in
1303 619 1459 682 diem
1502 619 1801 699 vivimus3
1876 620 2267 704 quodcunque
2322 630 2575 685 nostros

412 710 645 775 animos
726 706 1108 772 robabilitate
1148 705 1478 791 percussit,
1528 702 1589 769 id
1621 705 1912 786 dicimus»,
1961 707 2163 789 itaque
2208 705 2323 768 soli
2355 726 2570 771 sumus
2664 764 2675 777 ‚

412 792 610 859 liberi.
717 805 1070 877 eruntamen
1102 790 1381 876 quoniam
1415 792 1488 854 de
1519 792 1857 857 constantia
1883 792 2081 877 paullo
2114 803 2253 855 ante
2270 790 2571 868 diximuS‚

409 902 532 945 non
563 901 675 964 ego
706 880 819 944 hoc
848 880 979 945 loco
1010 878 1070 941 id
1103 876 1508 963 quaerendum
1540 889 1681 962 puto
1701 923 1719 953 ,
1773 898 2058 942 verumne
2091 878 2173 942 sit
2191 924 2208 954 ,
2257 877 2412 959 quod
2441 877 2572 939 Ze·-

410 966 556 1033 noni
584 966 873 1050 placuerit
903 965 1173 1049 quodque
1206 962 1336 1028 eius
1367 962 1625 1026 auditori
1654 962 1963 1044 Aristoni,
2009 964 2235 1031 bonum
2283 982 2421 1027 esse
2458 984 2572 1027 so·-

410 1052 533 1133 lum
553 1097 571 1129 ,
608 1052 763 1135 quod
796 1051 1113 1114 honestum
1145 1060 1341 1126 esset,
1390 1050 1496 1113 sed
1527 1049 1581 1113 si
1610 1049 1695 1112 ita
1726 1054 1920 1127 esset,
1973 1060 2097 1113 tum
2131 1058 2198 1113 ut
2225 1057 2416 1112 totum
2447 1048 2569 1112 hoc

311 1150 378 1202 34
406 1138 582 1200 beate
628 1135 839 1200 vivere
882 1136 948 1197 in
988 1156 1108 1198 una
1150 1135 1374 1197 virtute
1421 1136 1731 1218 poneret(
1794 1136 1991 1216 Quare
2029 1134 2234 1199 demus
2266 1133 2381 1198 hoc
2411 1154 2569 1201 sane

410 1223 631 1298 Bruto,
666 1232 735 1284 ut
762 1221 843 1283 sit
869 1220 1081 1284 beatus
1114 1239 1352 1304 semper
1381 1220 1664 1304 sapiens3
1701 1243 1876 1305 quam
1908 1221 2022 1286 sibi
2052 1219 2394 1297 conveniat,
2414 1218 2567 1304 ipse

407 1307 652 1372 viderit.
741 1305 954 1371 Gloria
994 1305 1229 1389 quidem
1270 1305 1448 1387 huius
1489 1307 1824 1371 sententiae
1867 1306 1997 1390 quis
2045 1316 2140 1371 est
2168 1306 2273 1369 illo
2304 1302 2438 1368 viro
2469 1304 2565 1368 di-

407 1393 629 1478 gnior?
656 1391 784 1455 Nos
813 1403 1017 1454 tamen
1048 1394 1381 1468 teneamu's,
1420 1401 1485 1454 ut
1515 1393 1595 1455 sit
1621 1392 1777 1455 idem
1809 1392 2217 1458 beatissimus.

300 1479 390 1550 12
578 1479 658 1541 Et
686 1478 739 1542 si
771 1474 942 1541 Zeno
976 1476 1204 1541 Citieus
1225 1523 1242 1554 ,
1289 1478 1523 1540 advena
1554 1477 1789 1561 quidam
1815 1489 1898 1541 *et
1923 1477 2204 1562 ignobilis
2236 1472 2563 1542 verborum

411 1564 651 1648 opifex,
687 1561 1029 1627 insinuasse
1059 1584 1125 1626 se
1156 1562 1221 1626 in
1252 1563 1558 1646 antiquam
1590 1563 2020 1649 philosophiam
2050 1564 2327 1640 videtur,
2377 1561 2567 1625 huius

410 1649 747 1715 sententiae
778 1649 1042 1732 gravitas
1074 1670 1109 1711 a
1139 1649 1409 1731 Platonis
1441 1649 1798 1730 auctoritate
1828 1660 2155 1735 repetatur.
2190 1648 2361 1733 Apud
2380 1667 2563 1730 quem

408 1755 589 1820 saepe
620 1735 767 1798 haec
799 1735 991 1798 oratio
1020 1744 1308 1818 usurpata
1339 1743 1466 1810 est,
1514 1746 1580 1797 ut
1609 1735 1757 1798 nihil
1799 1728 2058 1821 praeter'
2079 1734 2367 1799 virtutem
2397 1733 2566 1799 dice.-

407 1831 580 1885 retur
617 1816 890 1885 bonum?
937 1818 1118 1884 Velut
1160 1820 1222 1882 in
1268 1816 1490 1903 Gorgia
1535 1820 1811 1885 Socrates
1832 1869 1850 1900 ,
1913 1842 2091 1905 quum
2145 1830 2313 1886 esset
2355 1839 2438 1882 ex
2482 1839 2561 1883 eo

409 1906 741 1990 quaesitum
759 1953 779 1984 ,
825 1905 1178 1970 Archelaum
1226 1904 1545 1970 Perdiccae
1575 1906 1760 1971 filium
1777 1955 1795 1985 ,
1845 1908 1943 1992 qui
1990 1918 2117 1970 tum
2149 1904 2561 1969 fortunatissi-

305 2004 373 2056 35
390 1986 537 2059 =mus
577 1993 931 2070 haberetur,
983 2011 1182 2073 nonne
1220 1989 1456 2054 beatum
1502 1994 1785 2076 putaret?
1839 2037 1845 2044 -
1883 1993 2050 2057 Haud
2095 1991 2258 2068 scio,
2319 1983 2559 2073 inquiti

402 2100 722 2160 numquam
766 2078 926 2140 enim
972 2098 1105 2140 cum
1151 2096 1222 2139 eo
1266 2076 1609 2143 collocutus,
1641 2100 1795 2147 sum.
1832 2116 1917 2127 —-
1960 2078 2238 2142 Ain’tu?
2269 2098 2345 2138 an
2377 2076 2561 2139 aliter

403 2163 465 2227 id
494 2165 653 2230 scire
683 2184 805 2226 non
836 2163 1047 2247 potes?
1079 2194 1160 2210 -
1190 2160 1372 2243 Nullo
1405 2164 1603 2227 modo.
1643 2203 1720 2213 -
1768 2160 1879 2228 Tu'
1905 2166 2091 2249 igitur
2127 2184 2204 2229 ne
2235 2163 2307 2224 de
2338 2162 2557 2225 Persa-

317 2244 326 2251 ’
402 2271 538 2315 rum
569 2249 801 2331 quidem
834 2269 980 2333 rege
1008 2269 1224 2331 magno
1253 2259 1425 2332 potes
1458 2249 1687 2327 dicere,
1722 2238 2014 2334 beatusne
2047 2249 2169 2313 sit?
2197 2285 2285 2296 —-
2312 2247 2408 2310 An
2439 2267 2586 2332 ego„

299 2328 318 2345 '
401 2335 659 2420 possim,
696 2355 875 2417 quum
895 2334 1177 2421 *ignorem
1198 2380 1215 2410 ,
1262 2348 1436 2417 quam
1469 2335 1549 2398 sit
1578 2335 1785 2401 doctus
1807 2382 1823 2414 ,
1871 2359 2047 2421 quam
2075 2330 2173 2398 vir
2199 2332 2438 2409 honus?
2467 2370 2557 2382 —-

404 2419 595 2500 Quid?
624 2431 689 2485 tu
717 2418 781 2482 in
814 2438 885 2484 eo
915 2419 1095 2485 sitam
1125 2419 1311 2482 vitam
1339 2419 1576 2483 beatam
1607 2424 1822 2505 putas?
1868 2460 1948 2471 --
1991 2421 2083 2485 Ita
2123 2439 2371 2504 prorsus
2415 2416 2557 2503 exi-
2654 2420 2661 2427 ’

400 2505 615 2585 stimo,
650 2505 1078 2583 bonos-beatos
1098 2551 1115 2582 ,
1150 2504 1453 2588 improbos
1485 2505 1765 2593 miseros.
1803 2544 1885 2556 —-
1928 2507 2127 2572 Miser.
2147 2526 2293 2590 ergo
2319 2503 2558 2569 Arche-

402 2590 682 2661 lausz—
731 2589 946 2669 Certe,
983 2591 1036 2656 si
1068 2588 1370 2657 iniustus.⁸
1401 2628 1488 2639 --
1531 2590 1863 2657 Videturne
1911 2613 2147 2657 omnem
2185 2590 2280 2654 hic
2306 2591 2555 2654 beatam
2662 2631 2677 2645 κ

394 2786 546 2851 giuge
603 2803 660 2841 es
708 2786 836 2838 nach
899 2785 1242 2849 versiegelten
1290 2784 1421 2839 Ver·
1514 2778 1712 2847 ,Citium
1738 2786 1832 2837 auf
1851 2785 2071 2854 Cypern,
2092 2786 2246 2843 einer
2268 2786 2555 2852 ursprfing-

394 2855 765 2920 schreibungen
791 2853 911 2921 (wie
936 2871 1031 2905 vor
1049 2853 1346 2919 Gericht)“,
1365 2855 1418 2906 d.
1518 2855 1620 2905 lich
1643 2854 2002 2922 phonicischen
2018 2854 2248 2919 Colonie,
2275 2854 2551 2921 gehiirtiffl,

393 2925 442 2974 h.
473 2920 525 2973 in
552 2929 839 2987 strengster
861 2920 1029 2974 Form‚
1069 2921 1189 2986 vgl.
1208 2940 1258 2989 p.
1278 2921 1414 2976 Mur.
1519 2925 1680 2974 daher
1712 2924 1839 2974 auch
1877 2923 2142 2980 bisweilen
2166 2924 2434 2974 Poenulus
2458 2939 2554 2989 ge·

395 2992 481 3054 17,
508 2991 609 3041 35:
659 2992 965 3056 Pergitisne
1000 3007 1092 3041 vos
1133 2996 1417 3057 tamquam
1480 3028 1489 3035 .
1519 2998 1697 3042 nannt.

393 3074 461 3108 eoe
483 3061 802 3127 syngrapha
835 3073 997 3122 agere
1022 3072 1142 3108 cum
1169 3059 1418 3125 populo?
1585 3062 1870 3113 verborum
1896 3062 2100 3128 opifeoe.
2147 3059 2224 3110 De
2247 3060 2337 3111 fin.
2369 3058 2460 3113 111.
2490 3060 2549 3125 2,

459 3127 773 3191 istomodo,
804 3126 901 3177 wie
929 3127 978 3190 8,
1007 3124 1069 3175 21
1106 3122 1184 3176 Tu
1208 3143 1352 3195 vero,
1519 3130 1549 3179 5
1571 3133 1609 3179 τ’
1641 3130 1785 3181 Zeno
1811 3157 1877 3167 —
1905 3145 2013 3180 non
2065 3136 2180 3180 tam
2229 3145 2415 3180 rerum
2461 3130 2571 3178 in-¹

459 3212 575 3260 nos,
606 3196 686 3248 die
713 3211 903 3251 neuern
929 3194 1288 3249 Akademiker.
1318 3195 1417 3248 Mit
1515 3197 1872 3263 ventor-‚ficit
1916 3196 2080 3265 quam
2128 3199 2408 3249 verborum
2448 3213 2540 3248 no·

390 3263 556 3316 luhalt
594 3266 695 3317 und
730 3264 1000 3316 Ausdruck
1037 3262 1205 3313 dieses
1232 3262 1413 3316 Satzes
1515 3282 1724 3319 vorum.
1763 3265 1880 3331 vgl.
1910 3267 2038 3317 oben
2064 3265 2151 3317 lv.
2179 3264 2231 3330 3,
2259 3267 2309 3317 6.

356 3382 368 3392 J
387 3334 493 3397 vgl.
522 3332 609 3385 IV.
639 3336 690 3398 4,
722 3335 750 3383 7
777 3332 880 3383 und
904 3338 1059 3383 unten
1091 3331 1176 3396 29,
1207 3333 1291 3384 82.
1322 3332 1406 3385 83.
1581 3338 1886 3386 insinuasse
1925 3351 2001 3386 se.
2062 3334 2206 3387 Auch
2242 3335 2334 3386 das
2369 3334 2546 3385 blosse

455 3402 565 3468 sed,
596 3400 1213 3470 supplmeeessefitisse(
1222 3403 1409 3468 puto).
1511 3406 1795 3455 insinuare
1842 3404 2061 3456 hraucht
2098 3403 2280 3455 Cicero
2319 3405 2374 3453 in
2412 3403 2541 3468 glei-

455 3472 542 3522 34.
583 3471 767 3522 demus
797 3472 913 3520 ‘hoc
936 3496 1003 3508 —-
1028 3475 1096 3520 ut
1117 3497 1214 3535 -,
1269 3487 1311 3523 s.
1343 3470 1406 3523 ΔΙ.
1513 3472 1655 3523 chem
1681 3471 1858 3523 Sinne.

386 3541 473 3606 32,
505 3541 568 3591 78
595 3556 660 3590 zu
685 3539 825 3590 illud
846 3552 952 3589 non
978 3538 1129 3601 dant,
1158 3545 1227 3591 ut
1247 3568 1344 3590 --.
1429 3596 1458 3613 l
1526 3598 1531 3601 j
1579 3545 1634 3591 in
1688 3541 1922 3613 Gorgia.-
1982 3558 2033 3608 p.
2075 3541 2221 3592 47οᾶ
2256 3558 2309 3592 ιι.
2338 3544 2403 3592 e.'
2429 3539 2541 3591 Der

425 3608 749 3671 *teneurunt-e,
795 3613 861 3658 ut
899 3637 930 3643 -
963 3646 981 3672 ,
1010 3624 1055 3659 s.
1084 3608 1173 3660 111.
1204 3609 1254 3674 3,
1285 3611 1315 3660 5
1339 3620 1407 3660 zu
1508 3606 1775 3673 Fragende
1799 3610 1870 3661 ist
1890 3608 2069 3661 Polus.

374 3681 612 3744 probari
626 3681 831 3747 potest,
861 3682 929 3727 ut
948 3705 1002 3714 --
1025 3716 1039 3730 .
1079 3677 1189 3728 Der
1209 3678 1406 3729 vollere
1566 3677 2038 3744 Archelaus,Sohu
2052 3680 2142 3731 des
2155 3676 2428 3733 Perdiccas
2440 3676 2537 3744 IL,

360 3745 650 3798 ·Ausdruck
683 3744 724 3795 Ι.
768 3745 855 3809 42,
888 3746 1014 3796 100:
1068 3746 1182 3798 Nos
1220 3753 1406 3811 autem
1505 3742 1675 3812 Rssnig
1696 3764 1795 3800 von
1821 3745 2189 3814 Macedonica,
2235 3748 2531 3799 413—399

383 3822 678 3880 teneamus,
713 3820 780 3865 ut
801 3815 941 3867 nihil
961 3830 1267 3871 censeamus
1292 3828 1406 3867 esse
1503 3831 1555 3865 v.
1612 3816 1758 3881 Chr„
1822 3815 2027 3869 Freund
2075 3818 2178 3868 und
2225 3817 2542 3869 Bef‘drderer

379 3885 585 3934 malum
609 3891 710 3936 etc.
1504 3886 1852 3949 griechischer
1909 3886 2127 3951 Bildung
2184 3886 2265 3937 bei
2335 3887 2535 3938 seinem

403 3986 410 4009 ι
447 3948 544 4009 12·
584 3953 727 4005 Zeno
776 3953 869 4005 der
901 3953 1109 4005 Stoiker
1152 3967 1264 4003 war
1305 3967 1400 4004 aus
1502 3952 1686 4005 Volke.
