2784 4534
825 287 1306 374 memmae,
1340 288 1426 341 τι.
1490 288 1733 356 31,75..
2022 286 2031 295 '
2206 288 2328 350 155

155 449 235 513 ad
281 468 396 513 eos
427 448 722 531 inpetum
747 470 925 512 suum
951 450 1192 512 fei-tuna
1236 449 1609 513 converterit
1626 472 1647 511 ε
1701 461 2020 534 utrumque
2050 453 2333 518 dissolvi·

158 544 285 598 mr.
341 533 511 597 Sunt
539 533 701 596 enim
725 533 849 598 ista
879 556 1000 598 non
1027 544 1281 599 naturae
1311 535 1495 613 vitia,
1518 535 1657 611 ,sed
1692 535 1925 619 culpae.
2000 537 2342 604 Stultitiami

159 630 376 684 amntem
409 639 702 682 accumre
733 621 1006 703 quamvis
1037 620 1278 705 copiose
1305 620 1470 684 iicet.
1546 620 1701 684 Nam
1744 622 1935 703 etqui
1966 644 2088 686 non
2119 625 2343 689 lovan--

160 717 299 782 tur,
349 703 476 789 ipsi
521 704 596 767 ad
623 724 693 769 se
721 705 1029 769 miseriam
1060 706 1354 782 invitant,
1402 716 1468 769 et
1504 706 1612 788 qui
1655 726 1803 770 suos
1832 727 2003 771 casus
2034 710 2212 772 aliter
2239 713 2335 775 fe-
2438 758 2443 763 ·

160 800 309 854 runt
324 836 345 867 ,
381 802 569 873 atque
598 801 666 853 ut
693 800 974 855 auctores
1005 791 1140 855 aliis
1169 791 1287 874 ipsi
1318 792 1594 868 fuerunt,
1631 813 1752 854 non
1781 803 1925 856 sunt
1951 793 2343 875 vitiosiores,

163 897 344 959 quam
377 877 512 940 fere
544 875 809 959 plerique
828 923 844 953 ,
892 876 993 960 qui
1024 877 1195 941 avari
1226 897 1445 941 avaros
1465 923 1481 953 ‚
1530 876 1765 960 gloriae
1807 878 2341 964 cupidos'gloriosi.

165 961 646 1045 reprehendunt.
709 963 823 1026 Est‘
849 962 1008 1024 enim
1040 962 1341 1046 proprium
1363 962 1689 1040 stultitiae,
1739 962 1992 1026 aliorum
2023 964 2174 1028 vitia
2202 986 2332 1029 cer-

147 1066 317 1109 .nere
339 1093 357 1124 ‚
411 1045 690 1110 oblivisci
735 1064 1003 1112 suorum.
1098 1048 1213 1110 Sed
1257 1046 1539 1110 nimirum
1582 1047 1694 1110 hoc
1739 1049 2064 1112 maximum
2098 1062 2192 1114 est
2221 1072 2331 1114 ex·
2365 1067 2434 1117 ’14

169 1131 582 1216 perimentum
605 1178 622 1207 ,
677 1154 856 1215 quum
898 1142 1135 1197 constet
1165 1133 1601 1217 aegritudinem
1633 1143 1933 1198 vetustate
1962 1134 2129 1213 tolli,
2182 1135 2334 1199 hanc

168 1217 293 1281 vim
328 1238 458 1280 non
491 1236 627 1281 esse
658 1217 722 1280 in
754 1217 850 1280 die
880 1210 1134 1303 posit‘am
1154 1265 1171 1296 ,
1209 1218 1315 1281 sed
1344 1218 1410 1280 in
1441 1217 1804 1301 cogitatione
1827 1219 2125 1283 diuturna.
2174 1220 2331 1285 Nam
2428 1242 2433 1247 ·

171 1302 227 1366 si
259 1314 322 1365 et
353 1303 568 1366 eadem
599 1324 698 1369 res
732 1313 826 1367 est
856 1315 916 1366 et
945 1304 1102 1366 idem
1136 1314 1229 1367 est
1258 1304 1474 1367 homo:
1526 1303 1625 1385 qui
1671 1315 1867 1387 potest
1911 1306 2224 1387 quicquam
2258 1307 2335 1370 de

171 1387 383 1451 dolore
415 1389 678 1465 mutari,
730 1388 783 1452 si
813 1409 1006 1472 neque
1037 1390 1110 1451 de
1142 1409 1213 1452 eo
1235 1435 1251 1466 ,
1299 1400 1543 1474 propter
1573 1390 1727 1471 quod
1758 1390 1957 1466 dolet,
2016 1390 2330 1475 quicquam

172 1484 266 1538 est
296 1484 617 1550 mutatum,
653 1494 846 1556 neque
878 1475 949 1537 de
981 1494 1077 1551 eo,
1113 1474 1214 1557 qui
1246 1474 1446 1537 dolet?
1477 1474 1776 1559 Cogitatio
1806 1474 1825 1537 i
1873 1475 2001 1539 itura
2022 1476 2326 1557 diuturna,

171 1558 322 1623 nihil
351 1579 501 1625 esse
531 1560 595 1622 in
625 1580 695 1621 re
727 1560 903 1637 mali,
943 1559 1135 1623 dolori
1166 1559 1476 1636 medetur,
1504 1580 1634 1653 ¹non
1664 1559 1793 1643 ipsa
1863 1561 2208 1633 iuturnitas.

345 1694 467 1758 Hic
511 1694 655 1759 mihi
699 1696 955 1760 afferunt
998 1695 1464 1761 mediocritates.
1545 1695 1709 1775 Quae
1740 1696 1794 1760 si
1825 1697 2130 1761 naturales
2161 1708 2324 1774 sunt,
2348 1697 2429 1768 31

169 1779 311 1862 quid
341 1802 499 1864 opus
530 1792 624 1844 est
655 1770 1106 1856 consolatione?
1177 1781 1412 1845 Natura
1457 1781 1614 1845 enim
1661 1781 1793 1864 ipsa
1832 1781 2174 1849 terminabit
2204 1804 2334 1845 mo-

174 1865 335 1928 dum.
400 1866 516 1929 Sin
548 1867 878 1949 opinabiles
899 1914 916 1944 ,
952 1868 1153 1950 opinio
1195 1877 1324 1929 tota
1364 1866 1631 1930 tollatur.
1725 1866 1884 1929 Satis
1927 1866 2147 1930 dictum
2193 1887 2330 1933 esse

175 1949 477 2027 arbitror,
515 1952 950 2034 aegritudinem
984 1973 1126 2017 esse,
1151 1952 1495 2036 opinionem
1526 1951 1666 2014 mali
1697 1951 2032 2034 praesentis
2053 1998 2071 2029 ,
2117 1952 2183 2015 in
2214 1974 2331 2034 qua

175 2037 462 2120 opinione
492 2037 638 2100 illud
667 2039 846 2115 insit,
883 2049 949 2102 ut
976 2038 1414 2122 aegritudinem
1442 2038 1747 2121 suscipere
1779 2047 2076 2120 oporteat.

343 2156 610 2220 Additur
654 2159 727 2221 ad
759 2157 914 2226 hanc
940 2158 1345 2222 definitionem
1377 2178 1415 2219 a
1444 2157 1691 2220 Zenone
1721 2167 1883 2219 recte
1903 2202 1921 2232 ,
1972 2168 2038 2218 ut
2066 2157 2172 2219 illa
2196 2157 2329 2241 opi·
2365 2171 2432 2221 75
2492 2164 2499 2171 “

177 2240 280 2304 nio
317 2242 661 2326 praesentis
687 2243 851 2305 -mali
892 2242 972 2307 sit
1009 2263 1246 2308 recens.
1328 2241 1467 2306 Hoc'
1499 2253 1695 2306 autem
1740 2241 1989 2306 verbum
2026 2243 2116 2306 sic
2144 2242 2337 2307 inter-

115 2400 122 2407 „
177 2338 497 2410 pretantur
515 2374 532 2405 ,
583 2338 648 2391 ut
679 2339 1061 2392 non'tantum
1090 2328 1238 2392 illud
1267 2348 1480 2395 recens
1513 2348 1649 2392 esse
1680 2327 1873 2393 velint
1892 2373 1910 2405 ,
1945 2329 2101 2411 quod
2132 2328 2332 2412 paullo

179 2423 318 2476 ante
348 2413 669 2492 acciderit,
713 2414 820 2477 sed
875 2434 1051 2496 quam
1082 2414 1182 2478 diu
1223 2415 1287 2478 in
1316 2413 1422 2476 illo
1455 2413 1694 2496 opinato
1726 2413 1884 2476 malo
1917 2413 2010 2477 vis
2043 2415 2331 2495 quaedam
2379 2426 2403 2441 ”

179 2576 389 2631 gensetz
417 2567 508 2620 IV.
528 2570 614 2633 37,
633 2570 695 2620 81
718 2587 731 2618 ε
767 2569 874 2635 Qui
893 2575 1078 2620 autem
1103 2585 1208 2620 non
1308 2569 1485 2632 Linge
1512 2569 1605 2620 der
1627 2568 1811 2620 Zeit“.
1866 2567 1982 2632 vgl.
2015 2569 2100 2632 22,
2131 2569 2193 2618 53
2220 2569 2335 2620 dieo

178 2642 414 2703 nahem,
457 2638 554 2688 sed
590 2639 747 2705 culpa
784 2641 971 2689 vitioei
990 2654 1106 2688 esse
1125 2638 1210 2689 di-
1311 2638 1588 2701 declarat,
1630 2653 1769 2703 quae
1798 2637 2093 2701 procedens
2126 2642 2208 2687 ita
2234 2642 2337 2687 mi·

182 2712 404 2757 cuntur.
573 2746 580 2753 ,
617 2750 622 2755 .
1313 2709 1462 2772 tigat
1483 2713 1607 2768 etc.;
1646 2703 1735 2755 IV.
1766 2706 1849 2768 17,
1879 2705 1944 2754 39
1982 2708 2038 2753 εἰ
2060 2720 2219 2755 error
2242 2721 2338 2754 ezc-

249 2795 496 2857 quamvis
547 2795 785 2859 copiose,
837 2806 880 2842 s,
934 2808 1002 2841 zu
1035 2790 1077 2842 1.
1117 2791 1204 2856 21,
1315 2779 1574 2824 tenuetur
1604 2773 1706 2823 die·

180 2858 267 2915 47.
1379 2855 1476 2916 31.
1516 2861 1757 2925 afferunt
1785 2857 2217 2921 mediocritates,
2258 2872 2333 2909 sc.

251 2952 505 3001 auctores
530 2948 873 3011 -fuerunt-
913 2944 980 2996 So
1005 2947 1070 2996 ad
1099 2946 1205 2997 Att.
1311 2930 1692 2995 ΡθΥῑΡαΐθῗῖθῑί
1728 2942 1775 2977 ⁸·
1807 2925 1890 2991 1⁰2
1918 2926 2002 2977 22·
2060 2972 2067 2981 ι

182 3010 382 3080 XV.'5,
413 3015 475 3065 2:
515 3016 780 3081 mihique,
814 3018 882 3064 ut
904 3017 1209 3079 absim,‘ve-
1381 3014 1628 3065 Additur
1657 3040 1712 3049 —
1744 3028 1778 3062 a
1801 3011 2031 3076 Zenone,
2064 3013 2178 3064 dem
2202 3011 2340 3062 Stoi·

184 3082 460 3134 hementer
495 3089 692 3134 auctor
725 3088 837 3143 est5
874 3084 937 3132 ad
965 3084 1087 3134 fam.
1113 3080 1205 3134 Vi.
1313 3083 1426 3133 ker.
1480 3080 1678 3147 Wegen
1714 3081 1803 3131 des
1842 3081 1964 3146 fulg.
1992 3087 2061 3132 ut
2082 3097 2127 3132 s.
2154 3082 2241 3147 29,
2273 3082 2337 3131 73

184 3149 236 3213 8,
265 3150 296 3199 2
317 3169 329 3201 t
390 3169 424 3202 a
448 3168 532 3202 me
557 3152 838 3202 consilium
857 3156 1003 3217 petis
1016 3191 1032 3215 ‚
1079 3151 1212 3218 quid
1315 3166 1383 3205 zu
1408 3165 1613 3201 verum.
2328 3184 2334 3195 .

183 3222 287 3269 ’ἴω
314 3221 418 3271 fibi
439 3226 652 3284 ‘'actm‘’
682 3237 735 3272 Π·
766 3218 919 3272 mbr·
953 3242 972 3255 ‘
1378 3239 1843 3302 interpretantur,
1885 3251 1958 3285 sc.
1988 3236 2180 3287 Stoici.
2243 3233 2339 3284 Mit

254 3306 492 3356 aliorum
514 3310 647 3357 vitia
673 3313 773 3358 etc.
830 3306 952 3356 Hor.
981 3320 1135 3356 serm.
1166 3304 1207 3355 1.
1314 3302 1537 3355 Unrecht
1577 3304 1742 3354 haben
1783 3304 1864 3353 die
1905 3303 2071 3353 iiltern
2114 3300 2341 3353 Heraus-

185 3373 237 3436 3,
268 3372 336 3422 25
364 3388 462 3438 sq.:
843 3414 862 3423 „
1313 3373 1472 3438 geber
1519 3387 1582 3423 au
1633 3373 1743 3422 dem
1778 3371 1973 3423 Plural,
1994 3371 2208 3422 Austoss
2251 3386 2342 3436 ge·

190 3441 326 3492 Cum
378 3446 475 3491 tua
520 3444 798 3507 pervideas
848 3444 1015 3494 oculis
1064 3442 1212 3493 mala
1315 3457 1545 3492 nommen
1570 3442 1672 3489 und
1692 3443 2102 3506 interpretatur
2129 3469 2181 3477 -
2213 3440 2347 3491 velit·

592 3511 771 3576 lippus
796 3509 1055 3574 inimctis,
1199 3522 1232 3543 ⁸
1318 3507 1672 3575 geschrieben.
1930 3520 1957 3533 ⁸

193 3577 304 3629 our
338 3581 395 3628 ²⁰7²
431 3581 737 3661 ami⁰⁰⁷2um
771 3582 925 3629 '’itii‘’
964 3585 1080 3629 tam
1106 3593 1216 3627 θεν·
1386 3609 1569 3646 recens
1620 3609 1733 3643 esse
1762 3593 1948 3644 velint.
1968 3616 1979 3632 ·
2014 3593 2161 3645 Velle
2211 3591 2342 3657 „be-

522 3665 534 3671 ”
594 3663 678 3697 πῖθ’
705 3651 968 3698 acutum?
1189 3668 1193 3673 '
1243 3664 1254 3669 ”
1317 3662 1606 3728 haupten“‚
1636 3668 1780 3711 sonst
1804 3661 2116 3726 gewtihnlich
2138 3674 2235 3710 nur
2257 3661 2342 3713 bei

208 3734 228 3740 “’
259 3732 346 3783 74.
385 3735 675 3796 nimirum,
717 3749 759 3783 s.
803 3749 871 3783 zu
909 3731 950 3782 1·.
992 3732 1076 3795 22,
1117 3732 1212 3796 523
1317 3730 1640 3796 subjectiven
1678 3730 2005 3792 Annalunen,
2053 3729 2216 3780 denen
2251 3729 2348 3781 der

197 3814 358 3862 quum
382 3828 450 3839 —
479 3802 604 3852 tolli
627 3802 697 3852 ist
721 3802 802 3851 die
830 3801 1126 3867 Epexegese
1151 3816 1217 3850 zu
1321 3798 1697 3851 Schriftsteller
1754 3798 1895 3847 nicht
1952 3796 2181 3860 beiti-itt,
2242 3798 2341 3849 wie
2369 3833 2382 3846 .

197 3866 312 3918 hoc.
577 3914 588 3920 -
1318 3868 1468 3919 Lael.
1497 3867 1549 3929 9,
1578 3866 1676 3917 29:
1717 3869 2016 3917 amicitiam
2053 3881 2123 3914 ex
2155 3869 2345 3932 inopia

264 3940 320 3986 in
344 3937 429 3989 die
445 3958 461 3989 .·
505 3940 598 4003 ,,ίιι
624 3939 718 3990 der
738 3938 875 4005 Zeit,
905 3939 955 3989 d.
973 3938 1025 3988 h.
1047 3937 1101 3987 in
1127 3937 1220 3989 det·
1320 3943 1497 4003 atque
1509 3934 1811 4002 indigentia
1836 3939 2027 3984 natam
2050 3933 2257 3985 volunt.
