2784 4534
918 279 1171 339 ιιιιιιιι
1200 279 1264 335 v
1298 281 1384 349 34,
1419 282 1504 335 οε.
1537 281 1622 334 99.

2026 364 2035 371 ἣ
2126 292 2143 311 2
2222 271 2351 336 255

196 429 416 513 natura
459 448 740 505 contenta
775 440 884 504 sit.
973 432 1213 540 Etenim
1253 441 1387 525 quis
1426 394 1545 505 boc
1589 461 1712 505 ιιοιι
1767 440 1968 519 videt,
2034 440 2389 505 desideriis-

199 526 403 593 omnia
430 526 560 589 ista
577 525 849 589 condiri?
908 526 1125 590 Darius
1170 525 1234 590 in
1273 529 1414 611 fuga
1431 570 1450 605 ,
1500 522 1678 624 quum
1723 548 1932 610 aquam
1963 525 2259 593 turbidam
2289 537 2351 590 et

200 611 592 678 cadaveribus
629 611 992 695 inquinatam
1036 611 1323 691 bibisset,
1373 611 1633 710 negavit
1677 633 1955 696 umquam
2009 632 2079 677 se
2122 611 2349 676 bibisse

197 697 540 771 iucundius.
616 697 948 780 Numquam
989 697 1273 761 videlicet
1316 698 1528 761 sitiens
1572 696 1824 765 biberat.
1899 697 2025 760 Nee
2072 697 2347 763 esuriens

198 784 580 847 Ptolemaeus
613 782 854 860 ederat,
901 783 997 846 cui
1029 805 1208 882 quum
1239 782 1578 882 peragranti
1608 782 1982 868 Aegyptum,
2030 782 2346 847 comitibus

183 890 321 937 ,ιιοιι
354 868 732 946 consecutis,
767 868 1074 933 cibarius’
1056 891 1123 931 ιιι
1152 889 1289 933 casa
1318 869 1490 952 panis
1518 869 1695 932 datus
1725 877 1925 944 esset,
1971 867 2123 930 nihil
2151 867 2350 931 visum

200 965 295 1023 est
322 954 427 1028 illo
459 974 607 1039 pane
637 955 976 1018 iucundius.
1056 954 1363 1018 Socratem
1394 956 1631 1031 ferunt,
1683 975 1865 1036 quum
1892 973 2078 1036 usque
2124 952 2198 1017 ad
2242 972 2350 1016 ve„

200 1061 457 1124 sperum
472 1040 807 1105 contentius
853 1038 1183 1104 ambularet
1212 1039 1664 1123 quaesitumque
1695 1048 1862 1104 esset
1890 1059 1972 1102 ex
2003 1058 2074 1101 eo
2095 1084 2113 1115 ‚
2166 1058 2350 1121 quare

199 1125 261 1197 id
305 1128 565 1202 faceret,
609 1125 1054 1209 respondisse,
1096 1145 1162 1189 se
1183 1171 1201 1201 ,
1262 1147 1380 1208 quo
1425 1124 1640 1190 melius
1685 1133 2006 1201 coenaret,
2053 1143 2349 1207 opsonare

200 1211 551 1277 ambulando
581 1212 820 1281 famem.
900 1209 1097 1290 Quid?
1126 1212 1347 1274 victum
1371 1209 2029 1274 Lacedaemoniorum
2010 1228 2074 1273 ιιι
2105 1208 2353 1292 philitiis
2383 1222 2451 1273 98

200 1317 404 1359 nonne
433 1297 744 1365 videmus?
775 1295 886 1360 Ubi
916 1318 1095 1378 quum
1126 1305 1420 1381 tyrannus
1450 1295 1829 1370 coenayisset
1857 1293 2207 1378 DionysiuS‚
2245 1314 2353 1357 ne-

201 1382 367 1466 gavit
409 1402 475 1446 se
504 1382 660 1445 iure
677 1382 785 1444 illo
817 1382 991 1464 nigro
1010 1426 1028 1457 ,
1078 1382 1233 1463 quod
1274 1402 1501 1445 coenae
1532 1391 1708 1465 caput
1750 1391 1917 1456 erat,
1967 1379 2345 1444 delectatum.

202 1467 357 1530 Tum
400 1467 494 1544 is,
540 1467 640 1549 qui
684 1467 791 1529 illa
833 1475 1125 1529 coxerat.
1174 1466 1423 1529 Minime
1459 1467 1717 1545 mirum,
1764 1425 2147 1529 condimenta
2189 1465 2348 1528 enim

202 1553 543 1621 defuerunt.
579 1585 666 1599 ,-
708 1550 871 1630 Quae
900 1551 1186 1613 tandem?
1228 1550 1425 1634 inquit
1465 1551 1591 1614 ille.
1643 1588 1725 1599 -
1765 1551 1962 1614 Labor
2004 1550 2070 1612 in
2097 1560 2346 1628 venatu,

202 1639 424 1714 sudor,
471 1657 685 1701 cursus
725 1635 798 1699 ab
828 1634 1089 1711 Eurota,
1135 1637 1363 1714 fames,
1413 1636 1582 1714 sitis3
1634 1635 1725 1699 his
1762 1636 1922 1700 enim
1951 1636 2134 1700 rebus
2165 1636 2351 1700 Lace-

203 1722 656 1787 daemoniorum
700 1720 905 1805 epulae
951 1681 1332 1784 condiuntur.
1386 1758 1466 1769 —-
1510 1721 1706 1805 Atque
1751 1722 1864 1786 hoc
1894 1742 2015 1785 non
2048 1740 2131 1785 ex
2160 1720 2351 1787 homi·

201 1826 346 1873 num
377 1827 545 1870 more
576 1807 809 1883 solum,
860 1806 965 1870 sed
1004 1807 1185 1871 etiam
1230 1828 1311 1870 ex
1349 1790 1560 1872 bestiis
1600 1807 1858 1893 intelligi
1888 1817 2125 1891 potest,
2173 1801 2350 1890 quae,

200 1903 272 1957 ιιι
290 1888 579 1976 quicquid
610 1892 904 1956 obiectum
935 1901 1063 1968 est,
1100 1893 1256 1974 quod
1285 1894 1463 1956 modo
1492 1915 1531 1957 a
1560 1905 1774 1957 natura
1802 1914 1923 1956 non
1955 1893 2035 1955 sit
2062 1891 2349 1969 alienum,

203 1999 276 2059 eo
319 1988 636 2041 contentae
684 1999 804 2041 non
846 1988 1139 2075 quaerunt
1182 1979 1457 2061 amplius.

1552 1978 1844 2045 Civitates
1887 1977 2177 2061 quaedam
2221 1977 2354 2045 uni-
2383 1990 2452 2045 99

200 2084 418 2128 versae
448 2083 617 2127 more
647 2064 858 2126 doctae
886 2062 1252 2162 parsimonia
1281 2064 1689 2141 delectantur,
1749 2074 1815 2127 ut
1855 2064 1928 2126 de
1957 2061 2353 2126 Lacedaemo·

202 2149 321 2214 niis
364 2149 561 2232 paullo
607 2159 746 2212 ante
776 2148 1064 2214 diximus.
1145 2148 1465 2214 Persarum
1510 2172 1546 2213 a
1573 2149 1976 2248 Xenophonte
2011 2147 2207 2213 victus
2243 2167 2352 2211 ex·
2416 2210 2423 2227 .

202 2235 451 2319 ponitur
467 2280 486 2311 ,
550 2255 702 2317 quos
758 2245 941 2317 negat
995 2234 1071 2297 ad
1129 2256 1343 2341 panem
1403 2234 1687 2299 adhibere
1746 2234 2055 2318 quicquam
2114 2243 2356 2317 praeter

206 2432 362 2550 οὶιᾶιῇ
385 2422 526 2498 etim⁴
554 2424 881 2495 &erbundeu3
950 2446 996 2481 s.
1046 2428 1233 2496 Zumpt
1291 2444 1298 2447 ·

205 2499 234 2565 g
274 2580 377 2641 84.
418 2584 505 2635 97.
547 2584 825 2636 desideriis
850 2590 1054 2636 —ista
1108 2602 1231 2637 con-

207 2653 337 2705 diri.
377 2652 443 2702 So
483 2653 546 2702 de
572 2654 659 2703 fin.
689 2653 753 2703 ΙΙ.
781 2654 869 2718 28,
897 2654 993 2705 90·
1033 2653 1232 2706 Socra-

95 2742 100 2757 ·
206 2728 317 2774 tem
366 2720 528 2772 audio
568 2721 857 2786 dicentem,
911 2724 1018 2772 cibi
1048 2723 1230 2773 condi-

201 2792 449 2841 mentum
486 2804 597 2838 esse
619 2789 855 2855 samem,
889 2793 1132 2856 potioms
1156 2793 1230 2840 ei·
1259 2809 1274 2829 x

206 2862 328 2910 tim.

273 2944 504 3006 Darius,
531 2941 803 2995 w.ahrschl
833 2941 1229 2993 Codomannus.

201 3010 208 3015 ”
273 3010 648 3074 Ptolemaeus,
690 3009 1049 3062 wahrscheinl.
1077 3009 1157 3062 Pt.
1185 3010 1229 3062 1.

202 3079 339 3144 Lagi
369 3079 408 3131 f.

274 3167 515 3217 aibat-ius
545 3168 727 3231 panis.
778 3163 1228 3231 lqid.01·i'g.Xx.

203 3234 269 3285 2.
307 3235 472 3284 Panis
508 3236 744 3285 cibarius
781 3240 903 3298 est,
940 3237 1040 3301 qui
1062 3234 1135 3284 ad
1159 3237 1230 3284 ei-

207 3304 334 3353 bum
370 3306 536 3352 servis
564 3303 764 3367 datur,
807 3318 902 3353 nee
937 3303 1225 3354 delicatus.

205 3369 349 3421 Cels.
388 3368 455 3421 ΙΙ.
484 3370 584 3421 29τ
621 3371 841 3438 (panis)
878 3372 1114 3422 cibarius
1149 3371 1233 3421 vel

206 3438 560 3490 hordeaceus.
621 3470 629 3493 s

274 3522 577 3576 Socratem.
637 3525 822 3579 Athen.
872 3524 962 3577 lv.
1000 3541 1051 3592 p.
1094 3525 1224 3576 157.

205 3582 515 3675 Σωκράτης
550 3588 611 3643 δὲ
645 3594 740 3643 καὶ
778 3586 1043 3652 πολλάκις
1065 3609 1230 3645 κατε-

206 3655 519 3730 λαμβάνετο
542 3657 970 3744 διαπεριπατῶν
989 3660 1232 3745 ἑσπέρας
1244 3659 1257 3682 “

205 3732 443 3811 βαθείας
465 3724 577 3796 πρὸ
605 3730 700 3795 τῆς
722 3731 925 3793 οἰκίας,
969 3732 1067 3783 καὶ
1091 3726 1231 3801 πρὸς

159 3810 174 3818 “
209 3790 338 3855 τοὺς
394 3800 881 3884 πυνθανρμένους·
960 3800 1033 3857 Τί
1080 3814 1230 3879 τηνι-

207 3859 378 3927 κάθες
413 3865 597 3936 ἔλεγεν
630 3876 779 3934 οψον
803 3861 1068 3934 συναγειν
1092 3862 1232 3936 πρὸς

208 3928 271 3987 τὸ
298 3933 547 3988 δεῖπνον.

1295 2666 1312 2679 .
1331 2635 1515 2686 Auch
1500 2651 1567 2686 im

1405 2445 1672 2495 opsonare
1730 2429 1808 2493 (v.
1860 2424 2121 2497 ὀψωνέω)
2186 2432 2354 2499 ,‚(als)

1327 2497 1534 2549 Zukost
1558 2497 1897 2550 einkaufeu“.

1403 2568 1489 2618 98.
1671 2568 1864 2618 kilttz'is
1885 2590 1958 2610 ==
1979 2572 2036 2618 in
2076 2569 2398 2636 Ρήἱάίἰίὺ.

1642 2636 1800 2687 riech.
1846 2637 2092 2704 φιλίτια,
2131 2635 2358 2704 φιδίτια

1331 2704 1434 2754 und
1459 2701 1730 2770 φειδίτια.
1774 2654 2332 2773 vgl.P1ut.Lyc.12.

1334 2773 1713 2905 20οῑοηζείω,
1743 2774 1836 2824 der
1858 2773 2087 2825 Aeltere.
2135 2772 2279 2838 (vgi
2304 2790 2352 2826 c.

1239 2916 1250 2919 ”
1307 2932 1310 2935 “
1401 2912 1520 2960 iure
1565 2910 1661 2960 illo
1695 2914 1883 2977 nigro,
1938 2910 2100 2981 ζωμῷ
2146 2913 2359 2963 Λακω-

1332 2978 1485 3042 νικῷ,
1517 2977 1681 3047 ζωμῷ
1700 2980 1920 3046 μέλανι.

1405 3062 1596 3097 cursus
1622 3050 1691 3099 ab
1709 3049 1922 3103 Eurota
1947 3049 2023 3114 (in
2037 3049 2173 3101 allen
2187 3049 2360 3101 Hand-

1281 3142 1288 3149 -
1335 3114 1628 3180 schriften).
1692 3116 1798 3168 Das
1823 3117 2031 3169 Reunen
2065 3133 2204 3169 muss
2244 3120 2356 3170 also

1332 3199 1448 3239 vom
1483 3182 1738 3250 Eurotas,
1790 3202 1854 3238 an
1897 3187 2078 3238 dessen
2116 3185 2240 3238 Ufer
2273 3187 2355 3237 die

1333 3251 1635 3306 Zuschauer
1705 3270 1913 3318 sussen,
2000 3269 2357 3319 ausgegangen

1333 3322 1464 3373 sein.
1504 3322 1592 3389 (C.
1621 3324 1697 3375 ad
1715 3324 1986 3375 Eurotam
2009 3323 2080 3373 ist
2105 3338 2201 3372 nur
2225 3320 2358 3377 Con·-

1325 3390 1546 3458 jectar).
1902 3414 1923 3427 —

1402 3475 1471 3510 eoe
1519 3459 1882 3523 bestizk,f1ir
1942 3475 2011 3510 ecc
2059 3461 2358 3510 bestiarum

1332 3527 1564 3590 (more),·
1596 3526 1775 3592 vghl.
1799 3528 1846 3592 1,
1864 3528 1895 3578 2
1919 3529 2017 3579 illa
2042 3543 2164 3578 cum
2194 3526 2360 3580 Grae-

1333 3599 1418 3649 cia
1442 3601 1574 3648 eunt
1599 3585 2007 3667 conferenda.

1402 3668 1473 3713 ut
1517 3664 1775 3730 quicquid
1808 3640 2074 3717 obiectum
2110 3662 2361 3728 est,fii1·

1333 3738 1403 3782 ut
1424 3732 1633 3798 aliquid
1657 3733 1920 3782 obiectum
1945 3739 2055 3797 est,
2099 3732 2361 3799 quiequid

1336 3806 1452 3860 θεῖς
1488 3816 1532 3850 s.
1561 3816 1626 3849 zu
1650 3797 1759 3849 lv.
1771 3799 1855 3863 19,
1882 3800 1970 3849 44.

1402 3868 1489 3919 99.
1533 3884 1567 3918 α
1593 3867 1977 3939 Xenophonte.-
2016 3866 2205 3935 Cyrop.
2232 3866 2274 3918 1.
2305 3869 2358 3936 2,
