2784 4534
952 248 1305 312 menan.
1343 248 1390 341 ι,
1423 247 1475 302 2.
1509 248 1644 302 ιι.
2272 238 2353 300 75

185 410 304 475 sed
335 430 463 473 non
494 409 733 492 pauciS,
784 420 863 472 ιιι
877 408 1005 472 ille.
1081 409 1329 474 Difficile
1360 420 1457 473 est
1485 411 1644 477 enim
1674 412 1739 474 in
1768 412 2139 496 philosophia
2167 433 2354 495 pauca

191 516 337 560 esse
369 495 429 559 ei
460 504 641 572 nota,
705 494 811 559 cui
834 516 957 558 non
988 493 1112 558 sint
1138 506 1243 560 aut
1272 494 1555 579 pleraque
1599 507 1702 560 aut
1744 498 1967 561 omnia.
2055 497 2208 561 Nam
2239 517 2405 560 nec-

195 601 405 680 pauca
438 579 560 643 nisi
592 599 626 644 e
656 580 858 643 multis
904 579 1047 666 eligi
1090 590 1378 663 possunt,
1431 600 1579 659 nec,
1630 582 1730 664 qui
1773 603 1962 695 pauca
1989 583 2348 668 perceperit,

195 689 359 735 non
387 665 546 730 idem
601 665 831 749 reliqua
873 666 1082 730 eodem
1127 666 1325 729 studio
1370 677 1828 765 persequeturf
1889 669 2005 730 Sed
2046 680 2248 732 tamen
2290 669 2355 733 in
2393 662 2438 729 2'

192 753 334 816 vita
376 761 669 834 occupata
712 761 888 834 atque
906 799 924 829 ,
983 761 1048 814 ιιι
1075 751 1455 836 Neoptolemi
1495 762 1623 815 tum
1649 748 1831 830 erat,
1877 753 2125 816 militari
2166 774 2356 836 pauca

197 839 338 922 ipsa
379 836 630 900 multum
675 856 852 920 saepe
882 846 1175 921 prosunt
1193 847 1257 900 et
1296 838 1499 901 ferunt
1544 839 1810 916 fructuS,
1868 838 1922 901 si
1967 859 2090 901 non
2126 849 2350 916 tantoS‚
2399 832 2412 839 ”

193 922 417 1006 quanti
464 942 547 985 ex
603 922 889 985 universa
943 922 1314 1005 philosophia
1352 922 1581 1006 percipi
1626 933 1911 1006 possunt,
1974 935 2175 988 tamen
2221 943 2351 1003 eoS,

200 1008 421 1091 quibus
465 1008 667 1091 aliqua
711 1024 790 1070 ex
840 1017 1010 1090 parte
1051 1008 1350 1070 interdum
1395 1018 1499 1071 aut
1544 1009 1865 1093 cupiditate
1928 1019 2031 1072 aut
2090 1010 2356 1094 aegritu-

196 1094 346 1157 dine
368 1103 482 1160 aut
511 1102 673 1156 metu
703 1092 1048 1156 liberemur.

1142 1092 1325 1157 Velut
1354 1113 1437 1157 ex
1467 1113 1542 1157 ea
1570 1094 1995 1178 disputatione,
2030 1115 2181 1177 quae
2211 1094 2356 1161 mihi

202 1199 402 1263 nuper
438 1178 638 1242 habita
670 1188 765 1241 est
789 1178 856 1240 in
888 1178 1230 1242 Tusculano
1246 1224 1265 1255 ‚
1312 1200 1530 1262 magna
1555 1179 1874 1244 videbatur
1900 1181 2113 1244 mortis
2146 1181 2357 1245 effecta

204 1264 627 1348 contemptio,
636 1283 789 1347 quae
818 1284 940 1326 non
970 1264 1280 1328 minimum
1309 1264 1490 1328 valet
1504 1266 1579 1328 ad
1610 1265 1871 1330 animum
1903 1276 2065 1330 metu
2098 1259 2357 1329 liberan-

202 1351 370 1415 dum.

434 1349 587 1414 Nam
631 1350 730 1432 qui
771 1349 867 1426 id,
917 1350 1074 1432 quod
1114 1350 1297 1428 vitari
1314 1371 1450 1413 non
1482 1361 1714 1434 potest,
1763 1351 2010 1428 metuit,
2035 1351 2113 1413 is
2143 1351 2356 1415 vivere

205 1437 413 1499 animo
457 1435 657 1518 quieto
703 1435 866 1498 ιιιιΠο
908 1435 1083 1498 modo
1124 1444 1379 1533 potest3
1409 1437 1515 1498 sed
1544 1436 1677 1519 qui,
1728 1458 1850 1500 non
1881 1437 2055 1499 modo
2086 1437 2226 1519 quia
2256 1457 2361 1499 ne-

205 1540 383 1586 cesse
428 1530 522 1584 est
560 1520 753 1598 mori,
800 1540 1013 1585 verum
1059 1520 1239 1583 etiam
1285 1521 1424 1603 quia
1464 1521 1612 1584 nihil
1644 1520 1820 1584 habet
1847 1543 2044 1598 morS,
2094 1523 2248 1605 quod
2279 1522 2360 1585 sit

206 1607 604 1682 horrendum,
654 1616 907 1679 mortem
939 1626 1061 1669 non
1092 1605 1299 1681 timet,
1347 1627 1627 1689 magnum
1658 1607 1712 1669 is
1743 1607 1858 1669 sibi
1889 1607 2253 1705 praesidium
2284 1608 2357 1670 ad

204 1692 444 1756 beatam
475 1692 660 1756 vitam
692 1700 1017 1774 comparat.

1113 1689 1484 1775 Quamquam
1509 1713 1631 1754 non
1655 1713 1860 1755 sumus
1884 1693 2105 1777 ignari,
2131 1691 2353 1756 m'ultos
2397 1705 2427 1755 3

208 1778 481 1842 studiose
522 1787 732 1840 contra
776 1795 911 1840 esse
956 1775 1259 1838 dicturos.
1311 1776 1467 1858 quod
1507 1776 1703 1839 vitare
1748 1776 1911 1840 nullo
1953 1778 2127 1839 modo
2158 1778 2354 1860 potui—

208 1885 368 1940 mus,
405 1864 524 1926 nisi
553 1861 703 1925 nihil
732 1861 976 1925 omnino
1009 1861 1432 1925 scriberemus.
1483 1862 1721 1924 Etenim
1752 1861 1806 1924 si
1837 1862 2167 1939 orationeS‚
2209 1882 2356 1944 quas

209 1971 325 2012 nos
384 1948 779 2013 multitudinis
850 1947 1070 2013 iudicio
1140 1945 1379 2030 probari
1448 1947 1796 2010 volebamus
1874 1946 2202 2031 (popularis
2264 1957 2358 2010 est

211 2036 372 2099 enim
403 2034 510 2097 illa
538 2033 814 2112 facultas,
851 2043 912 2103 et
941 2033 1189 2097 effectus
1222 2033 1602 2116 eloquentiae
1633 2043 1727 2097 est
1756 2032 2121 2096 audientium
2146 2052 2359 2116 appro-

209 2120 441 2204 batio)·
423 2167 442 2199 ,
491 2119 596 2183 sed
627 2119 679 2181 si
710 2116 1168 2202 reperiebantur
1196 2119 1507 2197 nonnulli,
1560 2119 1657 2202 qui
1689 2118 1837 2183 nihil
1868 2118 2202 2196 laudarent,
2215 2118 2357 2181 nisi

212 2208 372 2289 quod
431 2227 499 2269 se
555 2205 780 2268 imitari
838 2225 1015 2287 posse
1072 2204 1439 2267 confiderent
1460 2252 1479 2283 ,
1541 2225 1832 2288 quemque
1891 2204 2170 2289 sperandi
2214 2204 2354 2281 sibi,
2449 2228 2452 2233 ³

211 2293 469 2356 eundem
511 2290 664 2353 bene
694 2290 927 2353 dicendi
957 2290 1136 2353 finem
1168 2300 1573 2389 proponerent
1603 2300 1701 2369 et,
1751 2311 1930 2374 quum
1963 2289 2361 2354 obruerentur

215 2378 389 2461 copia
433 2376 866 2440 sententiarum
911 2385 1088 2463 atque
1131 2373 1488 2453 verborum,
1536 2376 1910 2440 ieiunitatem
1952 2385 2013 2438 et
2043 2377 2258 2439 famem
2290 2397 2358 2439 se

214 2464 395 2527 malle
455 2483 627 2545 quam
672 2462 1004 2525 ubertatem
1051 2472 1112 2525 et
1144 2460 1383 2559 copiam
1430 2461 1699 2524 dicerent
1756 2463 1941 2541 (unde
1989 2471 2120 2524 erat
2180 2466 2362 2524 exor-

216 2560 343 2613 tum
387 2568 578 2632 genus
607 2547 982 2624 Atticorum,
1033 2546 1110 2609 iis
1140 2545 1287 2629 ipsis
1305 2593 1324 2626 ,
1346 2548 1474 2630 qui
1517 2546 1576 2610 id
1608 2546 1777 2629 sequi
1807 2566 1875 2610 se
1906 2547 2355 2630 profitebantur,

215 2635 520 2719 ignotum3
570 2633 669 2717 qui
700 2632 817 2705 iam
850 2631 1271 2696 conticuerunt
1299 2652 1489 2715 paene
1520 2632 1641 2696 ab
1623 2653 1754 2714 ipso
1786 2633 1916 2694 foro
1945 2631 2174 2710 irrisi).
2223 2632 2361 2717 quid
2400 2645 2435 2694 4

217 2722 483 2784 futurum
516 2730 788 2805 putamus
808 2764 826 2795 ,
873 2740 1053 2801 quum
1082 2716 1355 2804 adiutore
1388 2718 1635 2800 populo,
1671 2737 1785 2798 quo
1816 2715 2129 2778 utebamur
2157 2725 2359 2792 antea,

219 2948 429 2998 macheu
466 2945 547 2994 die
574 2942 711 2993 Rede
749 2942 1003 2993 lebhafter
1037 2942 1138 2991 und
1164 2940 1241 2991 ost

221 3017 347 3066 auch
374 3013 678 3064 deutlicher.
1106 3032 1123 3051 e

287 3081 548 3150 sperandi
620 3083 726 3131 eibi
749 3106 810 3118 -
840 3082 964 3131 bene
1034 3078 1246 3130 dicendi

211 3155 403 3217 finem.
470 3149 659 3219 Orator
691 3151 742 3213 7,
772 3150 869 3199 24.
921 3148 1080 3200 Nunc
1117 3154 1241 3198 tan-

225 3228 337 3273 tum
377 3222 603 3286 quisque
629 3218 855 3279 laudat,
894 3223 1163 3284 quantum
1185 3232 1242 3266 se

222 3293 414 3355 sperat
443 3304 602 3353 posse
636 3290 867 3338 imitari.
929 3285 1000 3336 Es
1036 3287 1107 3336 ist
1131 3286 1243 3335 eine

228 3358 359 3409 feine
410 3355 714 3420 Wendung,
773 3355 1013 3405 wodureh
1065 3353 1244 3404 Cicero

227 3429 320 3477 den
348 3424 586 3489 Gegnern
609 3426 718 3475 den
744 3422 897 3489 Mang
898 3423 948 3473 el
972 3423 1115 3473 eines
1141 3420 1247 3472 Ta-

225 3498 357 3547 lents
395 3493 616 3558 beilegt,
653 3493 881 3544 welches
909 3492 1043 3542 erin
1069 3491 1244 3540 hohem

230 3563 397 3616 Grade
438 3563 636 3614 besass.
701 3560 832 3612 Dass
857 3561 997 3612 selue
1035 3559 1247 3610 Benedt-

228 3632 444 3685 samkeit
479 3632 605 3683 aber
640 3629 717 3682 oft
751 3631 881 3681 auch
906 3629 1245 3679 iiberstromte

227 3707 290 3768 <,,
296 3702 410 3753 eine
436 3696 757 3752 asiatische“
786 3698 1002 3761 warde),
1020 3696 1246 3749 tadelten

230 3773 365 3823 seine
380 3769 428 3821 N
430 3770 593 3821 elder
584 3784 663 3821 ·an
678 3769 853 3819 seinen
871 3766 1034 3817 iiltern
1050 3764 1245 3829 Redeu,

218 3858 276 3892 z.
324 3840 383 3890 B.
436 3857 488 3906 p.
528 3838 679 3890 Rosc.
732 3836 879 3901 Am„
932 3836 1070 3886 nicht
1119 3835 1248 3886 ohne

234 3910 421 3963 Grund.

1412 2939 1606 3002 unde,
1616 2953 1727 3001 ,aus
1751 2938 1995 2988 welchem
2021 2936 2244 3003 Princip‚
2272 2952 2365 2988 aus

1342 3010 1566 3061 welcher
1590 3006 1882 3058 ΒειιΙιιιι-ψ.

1411 3093 1582 3144 genus
1612 3060 1965 3128 ‘'Atta-orum.
2028 3074 2148 3126 Man
2191 3083 2368 3126 unter-

1346 3146 1519 3198 schied
1568 3146 1677 3196 drei
1716 3145 1875 3196 Arten
1924 3145 2016 3195 der
2049 3145 2369 3194 Beredtsam-

1346 3217 1487 3266 keit.
1539 3214 1621 3265 die
1657 3214 1965 3277 asiatische,
2020 3211 2279 3279 pomphaflz
2317 3212 2370 3261 in

1350 3284 1663 3336 Gedanken
1676 3283 1777 3333 und
1812 3281 2061 3344 Worten3
2126 3280 2207 3329 die
2253 3280 2374 3329 atti-

1349 3354 1502 3417 sche,
1542 3352 1742 3404 einfach
1780 3352 1882 3401 und
1916 3348 2211 3414 verstiindig
2235 3346 2373 3410 (Μιι-

1346 3429 1460 3473 ster
1506 3422 1649 3471 dario
1702 3419 1771 3470 ist
1805 3437 1901 3471 vor
1935 3418 2087 3469 Allen
2125 3416 2368 3484 Lysias),

1348 3492 1433 3541 die
1461 3489 1748 3551 rhodische‚
1772 3490 1823 3540 ιιι
1849 3491 1942 3540 der
1965 3485 2110 3537 Mitte
2137 3483 2369 3536 stehend.

1349 3559 1464 3613 Nun
1504 3557 1601 3622 gab
1639 3573 1696 3608 es
1734 3561 1785 3608 ιιι
1824 3556 1949 3608 Rom
1985 3562 2137 3606 unter
2162 3552 2372 3604 Ciceros
2465 3608 2484 3616 ,

1349 3626 1573 3678 Tadlern
1622 3628 1835 3679 manche
1883 3625 2118 3688 Redner,
2178 3622 2373 3672 welche

1353 3696 1539 3748 attisch
1567 3695 1674 3745 sein
1700 3696 1929 3757 wollten,
1958 3692 2083 3743 aber
2105 3708 2200 3742 nur
2222 3691 2378 3741 niich-

1352 3774 1497 3824 tern,
1549 3764 1727 3819 sehaal
1774 3765 1875 3814 und
1921 3760 2138 3813 kraftlos
2176 3774 2372 3810 waren.

1351 3831 1499 3884 Mehr
1559 3832 1782 3884 dariiber
1829 3850 1872 3883 s.
1925 3833 1993 3882 im
2040 3831 2227 3881 Brutus
2275 3829 2376 3899 8²5

1253 3965 1257 3970 ,
1354 3903 1545 3953 Orator
1569 3905 1597 3953 7
1614 3919 1667 3953 ιι.
1684 3903 1778 3970 23;
1805 3920 1859 3953 ιι.
1890 3903 1951 3954 de
1977 3909 2081 3967 opt.
2098 3916 2212 3966 gen.
2243 3907 2374 3951 orat.
