2784 4534
443 281 593 345 ‘206
1236 269 1491 342 Linea
1521 286 1608 341 lv.
1642 287 1728 356 ac,
1760 287 1847 341 ⁷8.

463 451 677 530 Nosti,
728 469 881 538 quae
925 459 1297 532 sequuntur,
1362 447 1612 512 alteruis
1658 447 1818 511 euim
1862 447 2141 513 versibus
2199 430 2630 531 intorquentur

465 538 629 602 inter
655 538 876 602 fratres
906 533 1303 619 gravissimae
1335 532 1734 597 contumeliae
1751 579 1769 611 ,
1805 544 1874 597 ut
1901 533 2074 597 facile
2105 545 2406 619 appareat,
2443 534 2619 598 Atrei

328 695 348 715 χ
455 623 783 689 61ἰοςοεεε
802 668 821 699 ,
858 620 987 685 eius
1021 619 1121 703 qui
1150 619 1473 684 meditatur
1502 639 1756 703 poenam
1784 619 1850 682 in
1878 620 2126 694 stati-em
2158 640 2417 684 novam:

408 714 422 729 ’
592 723 815 790 Maio'r
844 724 1002 788 mihi
1025 724 1221 787 moles
1244 769 1260 801 ,
1303 721 1508 787 maius
1537 720 1913 785 miscendum
1946 724 2198 809 malum,

499 873 514 883 ,
559 810 562 817 ’
603 810 727 892 Qui
751 806 926 873 illius
958 808 1246 872 acerbum
1278 805 1391 871 cor
1421 806 1794 871 contundam
1826 817 1894 870 et
1921 805 2341 894 comprimam.

465 911 595 992 Quo
625 912 811 997 igitur
840 910 987 975 haec
1019 909 1276 994 erumpit
1306 909 1543 974 moles?
1568 907 1725 972 Audi
1759 907 2122 994 Thyestem:

581 1010 841 1097 'Impius
870 1014 1172 1077 hortatur
1198 1034 1293 1075 me
1306 1011 1540 1096 frater
1560 1059 1578 1091 ,
1615 1012 1689 1075 ἀι
1715 1033 1883 1074 meos
1908 1008 2100 1099 malis
2129 1013 2319 1074 miser

594 1097 974 1164 Mdndarem
1004 1096 1189 1160 natos
1220 1130 1302 1145 -
1337 1132 1418 1144 -

462 1218 691 1281 Eorum
718 1215 960 1281 viscera
989 1215 1252 1300 apponit.
1322 1215 1475 1294 Quid
1506 1226 1600 1280 est
1629 1216 1788 1279 enim
1807 1261 1825 1293 ,
1876 1237 1991 1298 quo
2037 1237 2160 1278 non
2197 1214 2622 1300 progrediatur

423 1340 428 1347 ‹
463 1302 674 1366 eodem
703 1301 799 1364 ira
818 1346 836 1374 ,
870 1323 987 1384 quo
1018 1301 1231 1364 furor?
1288 1299 1496 1387 Itaque
1534 1300 1723 1364 iratos
1753 1301 1993 1386 proprie
2023 1300 2275 1388 dicimus
2307 1301 2515 1365 exisse
2546 1301 2620 1363 de

416 1394 431 1415 ²
463 1399 781 1473 potestate,
806 1386 868 1449 id
893 1397 987 1451 est
1016 1387 1089 1461 de
1120 1385 1397 1463 consilio,
1434 1386 1507 1473 de
1537 1387 1797 1464 ratione,
1832 1388 1906 1450 de
1935 1391 2174 1464 mente3
2210 1386 2423 1451 horum
2455 1386 2617 1450 enim

362 1485 428 1538 78
459 1484 724 1559 potestas
783 1472 849 1535 in
893 1466 1085 1535 totuin
1130 1472 1388 1536 animum
1438 1484 1574 1536 esse
1617 1472 1812 1535 debet.
1928 1473 2034 1537 His
2077 1482 2182 1537 aut
2227 1470 2618 1537 subtrahendi

462 1569 604 1623 sunt
634 1558 729 1636 ei,
778 1557 842 1620 iu
884 1552 1032 1640 quos
1075 1558 1358 1655 impetum
1404 1569 1698 1621 conantur
1739 1560 1970 1635 facere,
2021 1558 2158 1621 dum
2203 1579 2273 1622 se
2304 1558 2419 1642 ipsi
2450 1541 2620 1621 colli-

388 1672 412 1695 κ
463 1655 606 1729 gant
648 1644 818 1727 (quid
849 1654 942 1708 est
972 1654 1171 1707 autem
1201 1662 1272 1708 se
1298 1643 1495 1727 ipsum
1526 1640 1809 1728 colligere
1829 1690 1847 1722 ,
1882 1642 2032 1708 .nisi
2080 1643 2399 1727 dissipatas
2430 1643 2619 1706 animi

461 1741 664 1816 partes
693 1750 936 1794 rursum
965 1728 1029 1793 iu
1060 1750 1236 1793 suum
1283 1728 1480 1792 locum
1511 1749 1728 1813 cogere
1745 1731 1802 1813 t)
1849 1740 1954 1793 aut
1995 1729 2246 1813 rogandi
2290 1729 2621 1811 orandique

397 1838 400 1843 ·
462 1827 633 1893 suut,
680 1826 781 1892 ut,
830 1809 1104 1900 si'quam
1150 1814 1368 1879 habent
1397 1815 1727 1879 ulciscendi
1757 1815 1918 1893 vim,
1968 1814 2245 1879 differant
2285 1814 2348 1880 iu
2379 1824 2618 1898 tempus

458 1900 620 1967 aliud
637 1948 655 1979 ,
692 1901 834 1964 dum'
862 1900 1235 1966 defervescat
1261 1899 1377 1964 ira.
1434 1901 1865 1965 De‘fervescere
1895 1910 2094 1964 autem
2127 1910 2290 1964 certe
2320 1899 2647 1986 siguificat

462 1988 740 2051 ardorem
770 1986 953 2051 animi
984 1987 1175 2051 invita
1202 1985 1441 2050 ratione
1473 1986 1826 2050 excitatum.
1893 1987 1992 2050 Ex
2019 2007 2135 2069 quo
2166 1986 2312 2049 illud
2343 1986 2620 2069 laudatur

457 2071 758 2158 Archytae
778 2117 797 2149 ,
845 2074 943 2155 qui
974 2090 1153 2156 quum
1182 2072 1382 2135 villico
1414 2073 1607 2136 factus
1652 2083 1816 2138 esset
1841 2072 2095 2149 iratior,
2150 2072 2283 2154 Quo
2317 2082 2377 2135 te
2404 2072 2614 2149 modo,
2636 2152 2651 2157 -

456 2158 651 2242 inquit
667 2203 685 2236 ,
722 2158 1090 2242 accepissem
1108 2205 1131 2232 ,
1166 2159 1297 2220 nisi
1320 2159 1526 2220 iratus
1556 2164 1796 2221 essem!

1659 2362 1819 2432 mbas
1844 2381 2181 2432 mandarem.
2249 2379 2316 2432 so
2340 2381 2507 2432 haben
2532 2381 2618 2433 aie

1591 2448 1768 2500 besten
1806 2448 2020 2501 Hdschr.
2073 2450 2185 2501 hier
2229 2451 2332 2501 und
2376 2451 2438 2501 de
2480 2457 2615 2501 orat.

458 2376 658 2431 Verso?
693 2378 762 2429 ist
786 2379 1077 2443 ungewiss3
1110 2378 1376 2431 vielleicht
1396 2395 1489 2432 aus

461 2446 554 2499 der
591 2445 853 2515 Iphigenia
887 2447 978 2498 des
1003 2445 1197 2498 Niivius
1236 2449 1362 2499 oder
1386 2449 1489 2500 Eu-

461 2516 593 2567 uius.
658 2515 768 2566 Den
809 2515 859 2566 1.
898 2516 1090 2582 spricht
1120 2514 1485 2583 Agamemnon,

409 2622 423 2635 .
460 2584 559 2636 den
585 2585 634 2635 2.
664 2580 949 2636 Menelaum
971 2628 986 2647 χ
1013 2585 1068 2636 ln
1110 2590 1164 2636 te
1195 2600 1291 2636 vor
1326 2602 1488 2639 excu-

449 2657 680 2721 peravit
701 2654 771 2705 ist
796 2653 888 2705 das
914 2671 941 2704 e
964 2654 1107 2705 nicht
1143 2669 1207 2704 zu
1245 2655 1482 2706 elidireu.

528 2741 937 2808 intorquentur.
1000 2738 1118 2805 vgl.
1148 2738 1240 2792 111.
1269 2741 1355 2807 26,
1384 2741 1480 2792 63:

459 2823 599 2875 quae
622 2810 786 2860 verba
811 2813 1175 2877 contorquet!

523 2894 707 2944 Maior
742 2901 865 2958 etc„
909 2909 1004 2947 aus
1042 2894 1154 2945 dem
1178 2895 1367 2946 Atreus
1396 2895 1486 2947 des

454 2961 672 3025 Acciu83
735 2963 865 3015 auch
906 2963 967 3013 de
1006 2969 1114 3012 nat.
1154 2961 1220 3013 D.
1264 2963 1351 3014 111.
1394 2964 1482 3029 26,

456 3028 523 3079 68
549 3029 651 3078 und
691 3029 754 3079 de
796 3037 926 3080 orat.
966 3029 1056 3081 111.
1087 3030 1173 3092 58,
1201 3030 1303 3081 219
1329 3045 1487 3097 auge-

455 3095 621 3146 fiihrt.
669 3094 869 3161 Wegeu
909 3098 1001 3148 der
1023 3092 1342 3165 παρήχησις
1365 3116 1410 3150 e.
1440 3099 1481 3153 Ι.

458 3164 545 3230 35,
575 3164 641 3217 85
669 3169 815 3216 zu-vi
833 3168 1006 3216 vitam
1034 3169 1247 3216 witari.

524 3252 855 3303 miscendum
891 3252 1124 3316 malum,
1178 3253 1305 3304 uach
1344 3254 1484 3305 Ana—

456 3320 592 3385 logie
615 3336 714 3371 von
737 3336 994 3372 venenum
1016 3323 1259 3371 miscere.
1312 3320 1484 3373 Eheu-

357 3426 368 3436 .
455 3404 513 3439 so
537 3390 588 3441 in
616 3389 734 3439 Cat.
763 3388 852 3440 lv.
881 3389 1014 3453 3,6=
1052 3404 1189 3439 nova
1214 3391 1482 3456 quaedam

454 3461 679 3508 misceri
725 3462 782 3508 et
827 3460 1099 3508 concitari
1148 3459 1298 3509 mala
1344 3462 1483 3511 iam-

449 3527 667 3592 pridem
700 3525 961 3577 videbam.
989 3553 1058 3563 —
1084 3524 1365 3593 Uebrigens
1390 3527 1482 3579 be-

455 3595 607 3645 achte
653 3606 769 3644 man
811 3595 938 3645 auch
979 3595 1069 3646 das
1104 3593 1358 3661 Zeugma:
1413 3613 1480 3647 zu

451 3664 620 3715 moles
670 3663 739 3714 ist
786 3663 1044 3715 movenda
1094 3664 1217 3715 oder
1266 3664 1368 3731 dgl.
1412 3681 1479 3717 zu

454 3731 673 3782 deuken.
1481 3728 1486 3737 '

525 3800 658 3865 Qui,
710 3799 830 3852 Ahl.
883 3800 968 3853 fiir
1015 3817 1152 3868 quo,
1202 3803 1302 3853 wie
1343 3801 1475 3871 Nep.

453 3866 615 3918 Arist.
645 3868 773 3933 3,2:
813 3876 897 3936 ut,
927 3875 1026 3938 qui
1048 3874 1353 3938 efferretur,
1377 3876 1480 3923 vioe

450 3936 754 4004 reliquerit.

1593 2516 1681 2569 111.
1713 2519 1798 2583 58,
1819 2518 1938 2579 217,
1962 2506 2046 2569 xwo
2072 2519 2309 2569 dasselhe
2337 2517 2479 2570 Citat
2502 2534 2619 2569 vor-

1591 2585 1811 2651 kommt3
1851 2587 2038 2638 ebenso
2065 2587 2220 2638 Lucr.
2248 2587 2315 2638 ΙΙ.
2345 2588 2478 2639 638:
2531 2586 2619 2639 Ne

1588 2654 1866 2713 Saturnus
1930 2672 2049 2707 eum
2106 2657 2266 2707 malis
2324 2656 2621 2708 mandaret

1591 2724 1841 2790 adeptus.
1910 2724 2075 2775 Malis
2121 2721 2466 2789 manderem,
2530 2725 2614 2775 die

1591 2793 1748 2844 audre
1796 2790 1983 2843 Lesart
2000 2830 2016 2859 ,
2082 2794 2149 2844 ist
2196 2795 2326 2845 auch
2386 2794 2617 2859 weniger

1589 2861 1837 2929 poetisch.

1660 2963 1766 3014 quo
1831 2962 1936 2997 non
1970 2974 2042 2984 —
2079 2948 2263 2998 eodem
2285 2974 2355 2988 --
2378 2965 2486 3016 quo
2512 2967 2614 2999 —.·

1566 3015 1794 3080 „werin
1833 3016 1928 3066 der
1952 3015 2090 3067 Zorn
2115 3017 2256 3068 nicht
2280 3017 2466 3071 ebenso
2491 3017 2619 3069 weit

1586 3083 1736 3149 ginge
1779 3085 1879 3136 wie
1916 3083 2008 3135 der
2039 3083 2392 3136 Wahnsiuu“.
2446 3084 2618 3136 Aebu-

1585 3151 1686 3204 lich
1737 3152 1865 3204 oben
1905 3154 1958 3218 4,
1999 3153 2061 3204 7:
2115 3154 2264 3220 quod
2291 3156 2618 3221 feceramus

1585 3221 1727 3272 idem
1757 3222 2131 3289 superioribus
2158 3222 2365 3273 diebus.

1588 3392 1618 3442 5
1657 3327 1831 3442 εῙαίίεεο
1865 3324 1931 3375 de
1968 3330 2276 3391 potestate,
2331 3341 2375 3375 s.
2418 3341 2484 3375 zu
2520 3323 2615 3377 111.

1625 3429 1639 3456 ,
1742 3430 1755 3443 .

1658 3495 1743 3545 78.
1762 3495 1908 3560 dum,
1924 3496 2023 3547 wie
2039 3495 2103 3547 11.
2124 3497 2257 3559 7,17
2289 3496 2418 3548 dum
2440 3496 2616 3551 dicat.

1655 3596 1960 3665 Archyta-5,

1584 3665 1917 3732 Zeitgenosse
1943 3669 2044 3718 und
2065 3666 2287 3719 Freund.
2327 3667 2446 3718 Val.
2465 3666 2610 3720 Max.

1582 3734 1670 3786 lv.
1704 3737 1754 3800 1,
1794 3742 1900 3786 ext.
1929 3736 1951 3786 1
1979 3754 1991 3786 z
2038 3735 2362 3788 Tarentinus
2397 3737 2615 3806 Archy·

1586 3808 1705 3869 tas,
1767 3804 1895 3855 dum
1941 3821 1999 3855 so
2043 3806 2396 3872 Pythagorae
2446 3821 2615 3872 prae·

1585 3876 1754 3940 ceptis
1787 3874 2101 3941 Metaponti
2133 3878 2354 3940 penitus
2388 3878 2612 3925 immer-

2012 3597 2360 3666 Pythagoreer
2375 3637 2388 3664 ,
2431 3598 2614 3651 Platos

1579 3945 1693 4009 git,
1734 3957 1935 4011 magno
1977 3943 2159 3995 labore
2183 3944 2451 4010 longoque
2476 3949 2612 3994 tem·
