2784 4534
434 235 692 350 1149*
1179 269 1561 349 monum.
1599 296 1646 362 ι,
1680 295 1813 350 ις2.

605 457 682 520 11.
762 457 1020 521 Ueber
1063 457 1183 520 die
1221 446 1795 539 Trostgriinde‚
1860 453 2091 519 welche
2148 473 2398 537 gegen
2458 452 2588 515 die

429 543 866 628 aegritudo
897 543 1312 607 anzuwenden
1343 542 1514 618 sind,
1564 540 1761 605 wobei
1805 539 2076 622 zugleich
2108 540 2216 603 auf
2238 539 2355 602 den
2387 537 2591 601 lnhalt

430 629 577 796 (ἔξει)
597 627 912 839 fglgenden
972 627 1201 692 Buches
1263 627 1680 710 hingewiesen
1740 625 1894 689 wird
1952 625 2125 709 (Cap.
2162 625 2268 700 31,
2316 625 2421 706 §7
2427 625 2467 686 6
2498 656 2586 672 --·

1954 776 1981 790 N

342 1049 379 1118 1
605 998 952 1124 Quidnam
984 1065 1156 1123 esse,
1204 1046 1426 1121 Brute,
1478 1064 1726 1111 caussae
1756 1055 1991 1128 putem,
2042 1064 2181 1119 cur,
2227 1065 2407 1125 quum
2439 1065 2589 1106 con-

346 1145 380 1194 1
429 1145 657 1199 stemus
690 1151 771 1192 ex
799 1131 999 1194 animo
1031 1141 1088 1192 et
1121 1150 1406 1213 conpore
1445 1131 1713 1213 corporis
1737 1129 1983 1197 curandi
2004 1128 2334 1210 tuendique
2364 1150 2585 1193 caussa

430 1217 704 1301 quaesita
733 1215 814 1277 sit
842 1237 942 1279 ars
975 1215 1222 1297 eiusque
1253 1215 1480 1278 utilitas
1513 1216 1758 1280 deorum
1776 1214 2210 1279 immortalium
2240 1213 2584 1307 inventioni

427 1310 813 1377 consecrata3
860 1301 1044 1362 animi
1076 1312 1275 1387 autem
1305 1300 1599 1363 medicina
1628 1321 1738 1363 nec
1782 1311 1901 1363 tam
1936 1300 2273 1364 desiderata
2302 1299 2420 1376 sit,
2471 1297 2584 1363 an·

424 1400 665 1472 tequam
695 1386 979 1468 inventa,
1027 1406 1138 1448 nec
1177 1384 1297 1448 tam
1329 1385 1524 1463 culta,
1571 1398 1958 1470 posteaquam
2007 1385 2271 1470 cognita
2289 1396 2415 1462 est,
2467 1406 2588 1449 nec

426 1485 549 1536 tam
580 1471 784 1535 multis
816 1464 987 1563 grata
1018 1482 1080 1534 et
1110 1471 1391 1555 probata,
1426 1468 1695 1555 pluribus
1728 1473 1908 1534 etiam
1939 1482 2215 1557 suspecta
2245 1481 2306 1534 et
2333 1470 2589 1535 invisa?

422 1559 519 1622 An
539 1606 557 1635 ‚
623 1557 778 1640 quod
821 1548 1086 1663 co'rporis
1132 1558 1489 1641 gravitatem
1533 1566 1593 1619 ‘et
1635 1555 1899 1620 dolorem
1942 1557 2155 1623 animo
2214 1541 2581 1635 iudicamuS‚

426 1643 608 1708 animi
639 1640 912 1735 morbum
942 1636 1189 1726 corpore
1220 1663 1342 1705 non
1371 1643 1710 1721 sentimus?
1761 1643 1848 1705 lta
1877 1642 1978 1718 fit,
2025 1653 2092 1705 ut
2121 1642 2355 1720 animus
2403 1641 2475 1704 de
2509 1662 2586 1706 se
2638 1684 2651 1694 ·

378 1720 555 1814 ipse
586 1740 713 1807 tum
743 1708 996 1804 indicet,
1021 1730 1213 1810 quum
1244 1728 1351 1791 id·
1335 1740 1565 1812 lpsum3
1603 1750 1718 1811 quo
1748 1728 2079 1807 iudicatur,
2104 1732 2409 1811 aegrotet.

348 1827 381 1877 2
435 1857 452 1865 ·
598 1812 826 1892 Quodsi
853 1815 1005 1877 tales
1040 1836 1149 1878 nos
1182 1825 1396 1877 natura
1439 1814 1784 1896 genuisset,
1848 1824 1915 1876 ut
1956 1824 2090 1876 eam
2110 1814 2318 1912 ipsam
2349 1813 2584 1876 intueri
2686 1880 2700 1899 s
2766 1866 2767 1889 2

424 1913 485 1963 et
543 1899 884 1984 perspicere
943 1884 1269 1980 eademque
1329 1899 1548 1982 optima
1592 1900 1739 1961 duce
1783 1921 2022 1963 cursum
2066 1894 2227 1962 vitae
2261 1891 2585 1964 conficere

419 2004 771 2070 possemuS,
822 1983 977 2049 haud
1009 1994 1141 2047 erat
1170 2004 1346 2060 sane,
1396 1984 1549 2066 quod
1581 1984 1893 2067 quisquam
1925 1984 2218 2047 rationem
2251 2006 2319 2047 ac
2348 1984 2585 2046 doctri·-

423 2092 562 2137 nam
606 2069 968 2151 requireret.
1059 2069 1233 2132 Nunc
1275 2070 1559 2152 parvulos
1604 2068 1777 2133 nobis
1820 2069 1986 2133 dedit
2026 2070 2321 2170 igniculos
2343 2116 2360 2146 ‚
2422 2091 2583 2169 quos

424 2156 706 2220 celeriter
736 2155 909 2218 malis
942 2155 1209 2217 moribus
1241 2153 1733 2259 opinionibusque
1765 2155 2073 2238 depravati
2118 2157 2204 2219 sic
2246 2155 2582 2239 restingui-

488 2299 539 2357 1.
587 2302 636 2350 1.
678 2304 893 2366 eiusque
929 2300 1146 2350 utilitas
1174 2326 1237 2338 -
1265 2316 1445 2351 conse-
1607 2302 1872 2368 parvulos
1907 2328 1979 2341 ·-
2009 2302 2307 2368 igniculos
2357 2300 2584 2365 „Fiink-

420 2375 598 2432 crata,
628 2367 743 2418 fiir:
785 2384 952 2434 eaque
967 2374 1203 2434 propter·
1225 2370 1443 2419 utilita-
1546 2371 1739 2434 chen“,
1791 2368 1928 2420 oftcr
1973 2385 2073 2420 von
2115 2370 2294 2430 Cicero
2343 2369 2578 2435 tropiseb

419 2443 528 2487 tem
590 2437 692 2487 diis
732 2430 1104 2486 'inventoribus
1153 2430 1442 2513 adseqipta
1546 2439 1857 2504 gebraucht3
1921 2455 1976 2489 so
2027 2440 2088 2489 de
2132 2439 2219 2489 fin.
2269 2437 2331 2489 V.
2376 2439 2574 2504 7,18:

415 2506 641 2572 ideoque
664 2520 825 2555 sacra
852 2506 1062 2556 habita.
1100 2504 1218 2571 Vgl.
1232 2523 1283 2572 p.
1302 2505 1438 2556 Sest.
1500 2532 1505 2537 »
1544 2513 1678 2558 sunt
1733 2511 1790 2558 in
1837 2511 2032 2559 animis
2082 2511 2255 2574 quasi
2298 2511 2577 2568 virtutum

416 2573 690 2638 68‚143:
744 2576 1188 2626 immortalitatis
1237 2579 1445 2641 opinio-
1543 2576 1771 2642 igniculi
1807 2581 1863 2625 et
1898 2580 2120 2627 semina.
2188 2576 2268 2626 Ζιι
2303 2564 2417 2626 dem
2449 2575 2578 2642 dop-

411 2659 536 2693 nem
582 2646 639 2692 in
665 2643 781 2695 ,illo
828 2646 1171 2695 sanctissimo
1214 2644 1444 2695 Hercule
1542 2645 1713 2712 pelten
1741 2644 2127 2695 Deminutivum
2141 2645 2244 2709 vg!
2276 2645 2345 2694 de
2366 2652 2474 2696 nat.
2499 2645 2571 2695 D.

416 2718 788 2763 consecratam
826 2711 1093 2776 videmus,
1137 2716 1288 2762 cuius
1325 2728 1441 2763 cor·
1544 2713 1634 2763 111.
1669 2714 1750 2777 17,
1780 2713 1878 2763 43.
1927 2715 2150 2764 aureola
2188 2715 2576 2775 oratiuncula3

313 2778 317 2785 '
405 2797 546 2846 pore
583 2782 859 2831 combusto
894 2783 1066 2832 vitam
1106 2798 1218 2831 elus
1257 2787 1312 2831 et
1334 2784 1441 2831 vir-
1542 2781 1703 2832 Acad.
1755 2780 1819 2832 1.1

416 2855 590 2899 tutem
623 2849 1017 2899 immortalitas
1055 2854 1323 2931 excepisse
1360 2850 1441 2900 di·
1546 2852 1729 2901 bellus.

1862 2782 2144 2845 44,135:
2207 2783 2463 2832 aureolus
2504 2783 2578 2833 li—

414 2921 579 2967 citur.
610 2942 672 2954 -
701 2915 796 2966 Die
845 2917 930 2967 dii
966 2922 1208 2969 immort.
1259 2916 1312 2968 in
1345 2934 1441 2968 un-

413 3000 558 3035 serer
593 2982 753 3033 Stelle
805 2985 917 3037 sind
952 2987 1131 3052 Apollo
1181 2987 1284 3035 und
1326 2988 1437 3037 sein

413 3051 549 3102 Sohn
574 3051 860 3117 Aesculap.

482 3120 663 3169 An===
687 3118 906 3179 Nonne‚·
959 3121 1090 3171 deun
1136 3123 1327 3172 vorher
1368 3123 1438 3173 ist

414 3203 480 3237 zu
505 3187 794 3254 suppliren·
781 3225 792 3237 .
813 3189 1028 3238 Alione
1057 3206 1251 3240 caussa
1277 3195 1402 3241 est?

483 3260 728 3323 corporis
747 3260 1438 3323 gravitatem=membroe

414 3340 538 3376 rum
582 3341 740 3392 g.rav
793 3326 882 3386 (de
920 3325 1006 3376 fin.
1047 3325 1134 3377 IV.
1180 3326 1277 3390 12,
1303 3327 1432 3390 31).

413 3394 1009 3514 &ttetzaffxzffltn
1027 3395 1313 3528 Ῡέιῗὲἒω
1330 3397 1435 3515 ιῗὲῗ

409 3531 655 3581 wohlsein
681 3532 984 3597 iiberhaupt.

478 3615 585 3671 quo
605 3599 909 3663 iudicatur,
937 3601 1056 3652 ΑΜ.
1082 3601 1318 3652 instrum.

473 3669 527 3718 2.
568 3668 718 3719 haud
764 3674 889 3719 crat
934 3685 1094 3734 εαπε,·
1142 3671 1332 3736 vgl..1.
1371 3672 1428 3736 8,

407 3737 504 3787 17:
531 3738 824 3803 superbum
845 3721 906 3788 id
926 3740 1139 3806 quidem
1168 3745 1266 3790 est.
1359 3774 1362 3779 -

471 3804 672 3866 Nunc,
680 3821 802 3868 ‚nun
818 3805 960 3872 aber,
988 3823 1044 3858 so
1065 3807 1253 3873 aber“,
1274 3809 1430 3860 meist

401 3873 497 3923 mit
533 3879 717 3924 autem
755 3874 881 3924 oder
911 3892 1066 3942 vero,
1119 3877 1218 3927 wie
1257 3877 1425 3943 gleich

401 3941 702 3993 nachhern.
728 3940 814 3994 lV.
840 3944 927 4010 24,
957 3946 1043 3997 54.

1610 2953 1914 3020 depravati.
1966 2950 2066 3002 Dte
2101 2952 2316 3003 meisten
2346 2953 2568 3006 Hdschr.

1541 3021 1706 3071 haben
1746 3020 2095 3086 depravatis;
2143 3022 2270 3072 doch
2308 3023 2587 3090 empfiehlt-

1538 3089 1645 3139 sich
1696 3090 1789 3141 der
1834 3087 2036 3140 Nomin.
2087 3090 2177 3139 des
2229 3093 2341 3141 cod.
2394 3091 2566 3144 vatic.

1540 3173 1717 3222 wegen
1756 3159 1847 3208 des
1884 3156 2153 3222 folgenden
2193 3163 2249 3210 in
2279 3165 2571 3227 pravitate

1539 3242 1824 3280 versamur
1868 3227 1962 3291 (=
1999 3228 2286 3294 depravati
2330 3239 2565 3294 sumas),

1538 3295 1640 3346 und
1689 3296 1981 3346 ausserdem
2018 3297 2087 3346 ist
2134 3296 2447 3363 depravatis
2497 3298 2566 3349 im

1513 3362 1694 3421 “Sinne
1742 3379 1842 3414 von
1888 3368 2078 3431 pravis
2125 3365 2238 3415 hier
2284 3367 2560 3431 ansffissig.

1533 3431 1643 3483 Das
1680 3450 1707 3482 s
1731 3433 1920 3483 konnte
1954 3447 2051 3482 vor
2086 3437 2164 3483 sic
2202 3434 2359 3485 leicht
2382 3435 2566 3485 hinzu-

1537 3501 1787 3552 kommen.

1602 3608 1845 3670 suscepti
1863 3619 2069 3654 sumus,
2121 3603 2406 3675 Suscipere
2428 3604 2565 3668 (und

1536 3673 1748 3735 tollere)
1773 3672 2051 3739 pra'gnant:
2121 3674 2246 3737 „ein
2273 3673 2558 3738 neugobor-

1533 3756 1623 3791 nes
1656 3738 1788 3790 Kind
1823 3756 1924 3790 von
1960 3743 2053 3791 der
2077 3740 2213 3792 Erde
2249 3741 2558 3797 aufnelunen

1535 3809 1659 3875 (und
1693 3825 1749 3859 es
1776 3810 1996 3860 dadurch
2024 3810 2105 3859 als
2128 3811 2219 3860 das
2247 3811 2443 3876 seinigc
2467 3826 2562 3862 an·

1529 3878 1836 3996 Rrkenneny
1846 3879 1882 3929 ‘.
1957 3878 2078 3935 Alto
2128 3877 2259 3929 Sitte
2318 3879 2402 3930 hei
2458 3880 2558 3933 den

1575 3950 1769 3997 omero.
