2784 4534
423 297 545 361 178
1529 307 1610 373 13,
1643 307 1728 359 30
1761 307 1846 359 31.

1127 307 1373 361 LIBER
1405 307 1492 361 IV.

322 483 389 534 3ο
417 469 893 555 perturbationes
925 470 1124 533 sintne
1154 468 1421 535 eiusdem
1451 478 1653 552 partes
1675 513 1691 545 ,
1728 467 1997 550 quaestio
2030 478 2145 530 est.
2202 465 2369 533 Vitia
2395 469 2605 533 enim

418 556 759 633 affectiones
791 563 933 620 sunt
959 566 1307 631 manentes,
1343 554 1824 638 perturbationes
1858 561 2056 616 autem
2087 564 2443 631 moventes,
2479 567 2563 619 ut

421 665 542 706 non
573 640 804 729 possint
834 639 1208 703 affectionum
1240 639 1607 703 manentium
1638 650 1838 723 partes
1871 658 2033 703 esse

590 810 782 895 Atque
827 824 893 876 ut
933 782 1000 875 1ιι
1029 812 1203 876 malis
1234 812 1472 896 attingit
1511 808 1690 875 animi
1731 820 2003 874 naturam
2046 811 2313 896 corporis
2342 812 2561 877 simili·

417 898 584 975 tudo,
621 898 707 963 sic
737 899 801 961 in
824 898 1020 962 bonis.
1058 898 1206 960 Sunt
1227 899 1383 961 enim
1411 897 1475 959 in
1498 917 1749 980 corpore
1768 897 2120 981 praecipua·
2157 897 2552 981 pulchritudO,

418 984 620 1060 vires,
662 984 981 1060 valetudo,
1030 983 1279 1064 firmitas
1298 1031 1315 1062 ,
1353 983 1692 1060 velocitas3
1742 992 1885 1045 sunt
1911 983 2054 1046 item
2085 983 2149 1045 in
2178 984 2405 1047 animo.
2444 980 2563 1049 Ut

420 1070 579 1133 enim
612 1070 879 1152 corporis
910 1071 1296 1153 temperatim
1344 1089 1520 1152 quum
1556 1084 1633 1168 ear
1659 1079 1994 1148 congruunt
2021 1069 2182 1132 inter
2221 1089 2326 1144 se,
2363 1089 2399 1132 e
2426 1071 2557 1153 qui-

417 1153 529 1221 bus
562 1164 941 1231 constamuS,
991 1155 1254 1218 sanitas,
1304 1155 1391 1218 sic
1434 1152 1619 1216 animi
1649 1153 1899 1231 dicitur,
1952 1176 2129 1237 quum
2176 1155 2307 1220 eius
2340 1156 2561 1238 iudicia

421 1239 850 1324 opinionesque
895 1241 1287 1317 concordant,
1338 1260 1527 1322 eaque
1570 1239 1752 1307 animi
1812 1250 1904 1302 est
1944 1239 2171 1318 virtuS,
2234 1262 2413 1325 quam
2455 1242 2560 1305 alii

371 1326 376 1329 ⁴
416 1326 606 1425 ipsam
638 1326 1088 1408 temperantiam
1120 1326 1324 1389 dicunt
1353 1345 1512 1403 esse,
1537 1325 1649 1388 alii
1680 1325 2187 1408 obtemperantem
2219 1337 2563 1411 temperan-
2598 1342 2617 1351 ‘

418 1412 538 1475 tiae
569 1412 900 1495 praeceptis
947 1423 1007 1475 et
1046 1431 1176 1475 eam
1220 1410 1693 1511 subsequentem
1725 1431 1836 1473 nec
1866 1410 2179 1475 habentem
2209 1412 2391 1477 ullam
2422 1433 2560 1498 spe·
2622 1476 2628 1483 ,

418 1496 571 1560 ciem
602 1519 812 1576 suam3
860 1497 964 1561 sed
1009 1496 1138 1560 sive
1170 1498 1284 1560 hoc
1306 1498 1439 1562 sive
1469 1498 1614 1562 illud
1645 1497 1757 1572 sit,
1804 1496 1872 1559 in
1915 1497 2046 1561 solo
2093 1518 2227 1562 esse
2259 1497 2559 1582 sapiente.

418 1582 531 1646 Est
573 1593 771 1647 autem
794 1543 1103 1666 quaedam
1147 1582 1333 1646 animi
1378 1583 1641 1660 sanitas,
1692 1603 1841 1666 quae
1872 1583 1936 1645 in
1965 1582 2344 1668 insipientem
2377 1584 2563 1649 etiam

422 1667 614 1746 cadat,
655 1691 833 1755 quum
867 1669 1176 1732 curatione
1209 1679 1269 1733 et
1297 1629 1759 1754 pertractatione
1791 1669 2150 1733 medicorum
2183 1669 2565 1737 conturbatio

318 1764 380 1815 31
413 1755 631 1819 mentis
664 1756 954 1821 aufertur.
1041 1755 1122 1818 Ει
1151 1765 1217 1818 ιιι
1248 1755 1517 1839 corporis
1550 1766 1645 1820 est
1673 1754 1956 1837 quaedam
1989 1765 2125 1839 apta
2153 1756 2344 1839 figura
2370 1777 2564 1821 mem·

417 1838 664 1907 brorum
711 1862 845 1904 cum
894 1840 1114 1905 eoloris
1146 1842 1395 1924 quadam
1426 1843 1758 1917 suavitate,
1807 1860 1994 1923 eaque
2040 1841 2254 1904 dicitur
2297 1841 2565 1926 pulchri—

421 1926 600 1990 tudo:
667 1926 754 1991 sic
812 1927 874 1989 in
927 1926 1124 1990 animo
1166 1928 1511 2011 opinionum
1553 1925 2029 2009 iudiciorumque
2065 1927 2454 2010 aequabilitas
2500 1939 2569 1991 et

422 2012 757 2077 constantia
787 2034 921 2076 eum
952 2012 1230 2091 firmitate
1278 2014 1526 2095 quadam
1572 2024 1634 2074 et
1672 2011 1995 2075 stabilitate
2032 2013 2314 2077 virtutem
2346 2013 2561 2079 subse-

423 2117 610 2180 quens
670 2109 774 2162 aut
811 2098 1051 2161 virtutis
1090 2098 1212 2161 vim
1256 2099 1446 2182 ipsam
1497 2097 1808 2161 continens
1869 2097 2236 2180 pulchritudo
2283 2111 2565 2165 vocatur.

421 2182 685 2267 Itemque
714 2182 943 2246 viribus
975 2185 1241 2267 eorporis
1288 2194 1349 2246 et
1378 2183 1585 2248 nervis
1628 2192 1688 2245 et
1718 2183 2043 2249 efficacitati
2084 2185 2313 2249 similes
2345 2185 2565 2250 simili·

492 2393 578 2444 30.
614 2401 924 2459 movente-3,
934 2379 1335 2459 ,wechselnde“‚
1367 2397 1449 2447 ei-

421 2452 686 2526 gentlicli,
694 2464 821 2526 ‚sicli
845 2463 1213 2528 bewegende‘ss
1239 2463 1319 2514 Zu
1332 2465 1439 2516 die·

422 2545 507 2581 ser
530 2532 758 2585 seltenen
784 2533 1082 2596 Bedeutung
1103 2550 1201 2584 von
1226 2549 1439 2585 movere

419 2599 525 2664 ng.
553 2598 670 2651 Liv.
697 2599 920 2653 XXXV.
949 2603 1014 2652 40
1057 2608 1207 2653 terra
1232 2606 1438 2664 movit5

419 2668 492 2719 ib.
532 2668 596 2721 V.
626 2669 691 2720 25
730 2687 815 2722 res
851 2677 1119 2722 moventes
1156 2671 1438 2737 „bewegli-

420 2739 540 2790 ches
584 2738 961 2804 Eigentbum“;
1026 2739 1134 2803 Cic.
1164 2740 1337 2792 defin.
1368 2738 1435 2792 11.

1608 2402 2043 2463 temperantiam.
2071 2397 2187 2462 Vgl.
2210 2398 2260 2462 9,
2276 2399 2375 2448 22:
2408 2397 2563 2449 Teni-

1521 2534 1685 2597 fieit,
1739 2540 1807 2584 ut
1848 2551 1943 2585 eae
1970 2542 2170 2595 rectae
2217 2539 2430 2593 rationi
2456 2552 2563 2603 pa-

1536 2608 1723 2666 reant,
1777 2611 2162 2672 conservatque
2210 2605 2563 2657 considerata

1535 2670 1736 2726 iudicia
1760 2677 1976 2724 mentis.

1605 2756 1700 2807 nec
1758 2742 2038 2793 habentem
2099 2742 2270 2795 ullam
2327 2747 2563 2810 speeiem

1536 2824 1726 2860 saame
1783 2811 1952 2873 „ohne
1995 2811 2107 2862 eine
2146 2810 2425 2862 besondere
2458 2811 2565 2864 Art

1537 2878 1657 2941 (der
1701 2875 1935 2944 Tugend)
1995 2879 2080 2930 fiir
2127 2880 2235 2930 sich
2286 2896 2562 2935 auszuma-

1537 2946 1729 2997 chen“.

422 2809 506 2873 10,
547 2808 607 2858 31
664 2810 815 2873 (nach
864 2804 1060 2890 epiknr.
1097 2809 1288 2872 Lehre)
1323 2825 1438 2861 mo-

419 2892 543 2931 vens
590 2878 839 2945 voluptas
887 2880 954 2929 im
1004 2875 1321 2943 Gegensatze
1371 2895 1437 2929 zu

420 2949 575 2994 stans
599 2946 869 3012 voluptas.
954 2982 962 2999 ι

1529 2469 1788 2530 perantia
1825 2467 1986 2517 sedat
2017 2471 2374 2534 appetitiones
2401 2473 2459 2518 et
2479 2469 2567 2533 ef-
2646 2500 2654 2507 -

491 3015 723 3078 attingit
762 3030 851 3063 an.
890 3021 1150 3065 naturam
1188 3030 1336 3082 corp.
1353 3009 1438 3067 si·-

290 3104 312 3113 -
420 3081 674 3131 mititudo
696 3100 784 3123 -—-
793 3088 1035 3149 eorporis
1083 3089 1287 3134 natura
1322 3089 1440 3136 ani-

420 3153 501 3200 mi
531 3155 766 3200 naturae
802 3152 991 3201 similis
1029 3157 1127 3201 est.
1188 3150 1305 3216 vgl.
1350 3155 1434 3219 10,

496 3286 582 3340 Ut
591 3292 727 3340 enim
754 3293 1000 3370 eorporis,
1015 3296 1117 3340 etc.
1158 3289 1299 3340 Stob.
1317 3289 1431 3343 Ecl.

421 3354 526 3408 eth.
564 3373 616 3424 p.
658 3359 788 3409 168.
841 3349 1033 3441 aione?
1068 3351 1175 3424 γὰρ
1216 3353 1317 3423 τὴν
1340 3361 1437 3433 ‘top

423 3420 682 3494 σωματος
716 3422 932 3510 vytuav
968 3430 1267 3493 ευκρασίαν
1290 3425 1437 3480 εἶναι

387 3496 533 3547 .τῶν
578 3493 638 3547 ἐν
686 3497 763 3560 τῷ
812 3488 1032 3561 σώματι
1076 3497 1305 3578 θερμῶν
1339 3497 1436 3548 καὶ

422 3566 659 3647 ψυχρῶν
717 3564 812 3614 καὶ
858 3565 1035 3632 ξηρῶν
1081 3565 1174 3614 καὶ
1220 3560 1432 3647 ὑγρῶν·

422 3627 566 3684 οὕτω
602 3632 698 3683 καὶ
736 3627 834 3697 τὴν
871 3634 966 3697 τῆς
999 3635 1184 3700 ψυχῆς
1217 3629 1435 3718 ῥγίειαν

422 3697 724 3784 εὐκρασίαν
757 3699 900 3754 εἶναι
930 3718 1049 3756 ,των
1084 3701 1145 3755 ἐν
1183 3705 1248 3775 τῇ
1280 3706 1435 3776 ψυχῇ

420 3763 820 3841 ’11“(ἰγ,ιιειὲ’των.ἶ

491 3843 662 3890 animi
682 3841 910 3906 dicitur,
952 3858 1022 3894 sc.
1053 3846 1295 3907 sanitae,
1323 3857 1434 3894 was

424 3909 552 3958 auch
589 3907 803 3975 Subject
850 3880 919 3962 is't
966 3927 1032 3963 zu
1067 3928 1232 3979 eaque
1266 3915 1438 3965 animi

420 3980 596 4028 virtus
621 3984 719 4030 est.

1601 3021 2066 3083 pertractatione,
2123 3018 2226 3069 alte
2277 3018 2568 3085 C'onJeetur

1508 3083 1625 3151 ,fiir
1686 3085 1767 3134 die
1825 3100 2021 3137 corr-um
2058 3088 2156 3138 irte
2216 3086 2401 3139 Lesart
2463 3089 2569 3139 der

1537 3152 2016 3206 bestenflandschri
2064 3170 2155 3207 en:
2176 3159 2556 3223 pturbatione.

1460 3278 1472 3293 Α
1538 3219 1794 3285 (Tregder
1807 3223 2031 3276 schreibt
2049 3226 2422 3291 purgatione.)
2452 3224 2561 3277 Ge-

1536 3290 1737 3353 ringere
1785 3291 1998 3345 Hdsebr.
2064 3294 2227 3344 haben
2281 3296 2559 3361 gaberna-

1506 3363 1683 3423 —tione
1738 3361 2193 3426 (wabrscheinlicli
2264 3363 2390 3414 auch
2457 3380 2560 3415 nur
2620 3414 2627 3423 ,

1537 3427 1854 3496 Conjectur).

1598 3497 1688 3547 31.
1728 3514 1893 3566 eaque
1942 3499 2145 3550 dicitur
2173 3498 2551 3567 pulchritudo.

1532 3563 1650 3630 vgl.
1693 3567 1753 3618 de
1779 3567 1866 3619 off.
1902 3566 1944 3619 1.
1976 3569 2060 3632 28,
2099 3569 2165 3621 98
2182 3570 2559 3636 pulchritudo

1535 3641 1778 3702 eorporis
1815 3643 1949 3705 apta
1986 3642 2369 3705 compositione
2388 3654 2558 3691 mem-

1538 3704 1757 3768 brorum
1792 3712 1973 3757 movet
2007 3707 2187 3757 oeulos
2227 3713 2283 3758 et
2316 3707 2558 3760 delectat

1535 3760 1635 3823 hoo
1681 3777 1828 3841 ipso,
1886 3775 2034 3845 quod
2075 3779 2220 3839 iuter
2265 3793 2321 3828 se
2372 3790 2554 3828 omnes

1527 3847 1718 3906 partes
1767 3860 1887 3895 eum
1934 3844 2169 3912 quodam
2215 3846 2395 3912 lepore
2427 3861 2555 3896 eon-

1533 3915 1798 3963 sentiunt.
2072 3947 2091 3965 ι

1603 3983 1829 4032 virtutis
1876 3979 1983 4034 vim
2022 3987 2195 4052 ipsam
2241 3986 2557 4035 continens.-
