2784 4534
1000 298 1344 373 Llflmtv.
1378 298 1465 366 31,
1497 241 1585 352 ss.
2247 290 2366 355 251

1269 415 1302 429 N

219 460 577 546 supplicium
600 460 774 525 beata
802 459 928 525 vita
960 459 1244 524 virtutem
1276 478 1528 542 cumque
1554 454 1633 523 ea
1661 460 1983 524 descendet
2008 461 2075 523 in
2104 471 2365 533 taurum,

220 547 594 623 Aristoteie5
642 547 1020 623 Xenocrate,
1072 545 1399 629 Speusippo
1417 591 1434 622 ‚
1486 544 1810 609 Polemone
1843 545 2185 610 auctoribus
2207 593 2224 623 ‚
2261 564 2371 609 nec

216 654 354 697 eam
386 632 563 695 minis
595 641 700 695 aut
725 630 1149 694 blandimentis
1175 640 1459 714 corrupta
1481 630 1741 695 deseret.
1791 630 2011 695 Eadem
2033 632 2375 715 Calliphon-¹

137 758 144 764 -
218 719 297 783 tis
330 718 449 780 erit
477 717 842 800 Diodorique
885 718 1182 781 sententia
1201 763 1219 791 ,
1270 712 1528 798 quorum
1563 726 1817 799 uterque
1864 718 2235 782 honestatem
2280 717 2370 784 sic
2449 782 2461 792 ,

216 803 635 889 complectitur
655 849 675 879 ,
710 814 776 865 ut
806 802 1003 865 omnia
1024 849 1039 880 ‚
1090 821 1240 884 quae
1272 802 1404 864 sine
1436 821 1509 864 ea
1539 802 1697 880 sint,
1751 803 1928 886 longe
1969 803 2026 865 ei
2071 814 2237 866 retro
2268 822 2373 886 po⁴²
2496 803 2501 826 ²

220 890 414 952 nenda
443 897 736 953 censeat..
788 888 1022 970 Reliqui
1053 887 1270 950 habere
1301 906 1369 951 se
1398 887 1684 951 videntur
1727 888 2083 972 angustius3
2131 896 2377 951 enatant

220 986 458 1038 tamen:
481 973 823 1057 Epicurus,
871 973 1275 1056 Hieronymus
1308 982 1371 1034 et
1398 973 1452 1034 si
1483 973 1583 1055 qui
1615 985 1791 1050 sunt,
1838 974 1935 1056 qui
1962 973 2269 1038 desertum
2300 971 2375 1034 il-

222 1060 343 1123 lum
373 1059 744 1123 Carneadem
775 1069 989 1122 curent
1017 1058 1363 1122 defendere.
1420 1058 1627 1121 Nemo
1645 1069 1740 1121 est
1768 1059 1952 1135 enim,
1989 1059 2133 1141 quin
2165 1076 2375 1121 eorum

219 1144 513 1209 honorum
545 1145 807 1209 animum
836 1143 1003 1228 putet
1034 1163 1169 1208 esse
1199 1143 1458 1207 iudicem
1484 1158 1745 1225 *eumque
1774 1143 2253 1221 condocefaciat‚
2309 1154 2378 1206 ut
2517 1208 2528 1215 ,

221 1251 294 1294 ea
315 1278 332 1309 ‚
383 1251 534 1313 qnae
577 1230 735 1311 bona
774 1231 1007 1293 malave
1051 1229 1408 1311 videantur,
1472 1229 1664 1311 possit
1719 1240 2129 1293 contemnere.
2221 1227 2376 1292 Nam
2406 1239 2473 1290 88

220 1336 372 1399 quae
400 1316 510 1379 tibi
538 1316 781 1400 Epicuri
810 1316 1084 1393 videtur,
1131 1316 1341 1378 eadem
1388 1314 1508 1378 erit
1537 1314 1892 1399 Hieronymi
1938 1325 2000 1377 et
2030 1313 2393 1395 *Carneadis--

222 1421 438 1473 caussa
483 1412 545 1464 et
588 1402 831 1465 hercule
875 1403 1138 1469 omnium
1182 1401 1574 1482 reliquorum.
1668 1401 1816 1479 Quis
1849 1400 2009 1464 enim
2040 1421 2250 1485 parum
2281 1409 2376 1462 est

220 1498 428 1551 contra
458 1498 712 1548 mortem
744 1497 847 1548 aut
877 1485 1141 1548 dolorem
1173 1486 1460 1569 paratus?

393 1571 715 1634 Ordiamur
744 1570 817 1633 ab
851 1591 955 1647 eo,
1008 1570 1060 1634 si
1092 1571 1321 1654 placet,
1359 1588 1534 1651 quem
1562 1570 1842 1647 mollem3
1892 1589 2069 1654 quem
2097 1570 2374 1652 volupta-

218 1657 377 1720 rium
408 1655 684 1718 dicimus.
764 1654 960 1733 Quid?
1004 1656 1059 1727 is
1109 1655 1214 1717 tibi
1244 1665 1577 1717 mortemne
1618 1656 1867 1719 videtur.
1891 1677 1967 1718 an
1999 1655 2268 1719 dolorem
2287 1655 2377 1716 ti-

109 1796 116 1803 ,
220 1742 435 1805 mere?
479 1741 576 1823 qui
610 1761 746 1804 eum
775 1740 966 1817 diem,
1005 1763 1120 1823 quo
1153 1740 1444 1816 moritur,
1475 1739 1715 1804 beatum
1746 1741 2024 1824 appellat,
2059 1741 2375 1805 maximis·
2472 1752 2479 1763 ‘

222 1826 674 1911 quexdoloribus
705 1827 947 1890 affectus
981 1846 1085 1889 eos
1116 1827 1279 1910 ipsos
1309 1826 1694 1889 inventorum
1726 1847 1971 1889 suorum
1994 1826 2286 1889 memoria
2314 1837 2377 1889 et

220 1911 650 1976 recordatione*
670 1913 959 1988 confutat,
1007 1931 1117 1975 nec
1148 1912 1295 1975 haec
1338 1911 1427 1974 sic
1459 1911 1621 1993 agit',
1684 1921 1752 1975 ut
1793 1914 1876 1973 ex
1905 1923 2173 1995 tempore
2203 1911 2376 1994 quasi
2432 1956 2436 1966 .

218 1998 456 2062 effutire
486 1997 785 2061 videatur.
866 1997 954 2061 De
997 2008 1190 2060 morte
1236 1998 1394 2061 enim
1424 1997 1510 2059 ita
1541 1997 1761 2074 sentit,
1812 2007 1880 2059 ut
1923 1996 2212 2087 dissoluto
2244 1997 2374 2060 ani-

286 2173 608 2236 Xenoerate,
649 2174 968 2240 Spem-rippa,
1004 2175 1245 2226 Polemo·—

215 2258 300 2294 ne.
354 2242 509 2292 Diese
547 2243 657 2292 drei
697 2244 809 2292 sind
844 2258 944 2292 von
977 2244 1073 2294 der
1103 2244 1243 2293 alten

217 2309 519 2361 Akademie.

291 2398 447 2464 longe
474 2401 525 2446 ei
547 2402 698 2447 retro
707 2396 958 2463 ponenda
989 2395 1083 2461 (-—---
1089 2402 1247 2463 post-
1280 2383 1283 2387 ’

218 2466 512 2533 ponenda).
567 2463 633 2515 So
658 2465 900 2528 glaubten
924 2465 1023 2515 wir·
1057 2465 1139 2515 die
1161 2466 1246 2530 je-

220 2535 442 2585 denfalls
480 2534 813 2600 corrumpit-te
847 2533 1245 2601 hds,chst1.‘Les-

109 2603 124 2607 ’
221 2611 304 2653 art
329 2605 485 2670 longe
525 2608 593 2653 et
616 2609 768 2654 retro
788 2603 1040 2669 ponenda
1073 2618 1245 2653 emen-

217 2671 365 2722 diren
402 2688 467 2721 zu
511 2673 746 2734 miissen3
805 2687 954 2720 wenn
1004 2671 1145 2723 nicht
1193 2677 1250 2722 et

217 2754 354 2804 ganz
379 2755 443 2799 zu
470 2739 840 2789 streichen‘ist.

291 2826 490 2875 habere
522 2841 592 2873 se*
619 2826 943 2890 angustius:
987 2825 1173 2888 „mehr
1195 2825 1247 2874 in

218 2894 317 2945 der
349 2889 579 2944 Rlemme
629 2908 694 2944 zu
743 2892 931 2955 sein“;
988 2897 1245 2944 enatant.-

221 2961 448 3026 „helfen
498 2961 605 3011 sich
656 2952 887 3024 duroh“{
931 2968 1072 3011 sonst
1108 2960 1251 3011 nicht

221 3030 446 3096 tropisch
474 3031 772 3096 gebraucht-

293 3117 588 3180 desertum,
609 3116 728 3166 weil
742 3116 882 3166 seine
896 3116 1109 3166 Ausicht
1122 3115 1251 3167 iiber

222 3187 314 3236 das
349 3187 558 3236 hochste
585 3183 690 3235 Gut
724 3185 906 3235 keiner
930 3185 1021 3235 der
1044 3185 1247 3251 spiitern

224 3254 391 3305 Akad.
420 3254 677 3307 aufnahm.

231 3376 248 3387 .
293 3348 480 3388 eorum
518 3340 776 3389 bonorum
809 3337 958 3402 (nach
985 3337 1114 3389 Non.
1145 3341 1247 3391 und

223 3407 324 3457 den
370 3405 641 3470 Hdschr.):
731 3422 870 3470 „von
924 3404 1245 3471 dergleichen

224 3474 489 3538 Giiteru“‚
528 3475 578 3525 d.
607 3476 656 3526 h.
688 3475 769 3524 die
809 3476 1097 3535 das-wahre
1122 3476 1249 3543 We·-

222 3559 316 3594 sen
354 3544 447 3593 der
478 3542 881 3607 Gliickseligkeit
918 3547 1243 3610 ausmachen,

225 3613 308 3663 die
323 3612 414 3665 mit
429 3612 523 3662 der
536 3613 790 3677 honestas
802 3615 1095 3664 verbunden
1112 3616 1244 3664 sind.

222 3680 631 3746 DerGegeusatz
656 3681 724 3732 ist
742 3682 991 3733 nachher:
1023 3700 1084 3733 ea
1111 3698 1250 3748 quae

228 3750 762 3801 bona—videantur.
802 3751 1066 3819 (Bentleys
1094 3751 1250 3818 Conj.

226 3833 479 3869 verorum
529 3820 575 3870 b.
628 3820 697 3869 ist
742 3821 1017 3885 unnisthig,
1070 3819 1134 3868 da
1183 3820 1250 3869 im

224 3885 692 3951 Vorhergeh'enden
713 3889 776 3953 ja
800 3904 897 3938 nur
918 3903 1017 3939 von
1043 3887 1251 3936 wahren
1275 3898 1280 3901 '

227 3953 427 4006 Giitern
465 3956 548 4007 die
575 3955 712 4007 Rede
754 3957 824 4006 ist
847 3956 950 4006 und
977 3955 1115 4005 diese
1141 3955 1251 4004 also

546 4155 593 4191 C

1348 2174 1510 2223 durch
1548 2182 1734 2223 eorum
1772 2174 2029 2224 bonorum
2063 2174 2375 2238 hinliinglich

1349 2242 1651 2314 bezeichnet
1677 2242 1837 2306 sind.)

1419 2328 1505 2378 88.
1551 2327 1680 2392 Quis
1707 2331 1861 2392 enim,
1898 2344 1972 2380 sc.
2002 2345 2070 2381 eoe
2094 2330 2178 2381 his
2197 2331 2378 2396 philo-

1348 2398 1557 2463 sophis.
2302 2430 2305 2433 ι

1379 2469 1471 2534 ‘2⁹²⁰
1492 2465 1712 2532 placet,
1756 2481 1800 2515 S.
1840 2460 1881 2517 Ῑ.
1914 2466 1998 2530 11,
2039 2466 2102 2516 23
2143 2483 2207 2516 zu
2232 2470 2284 2517 si
2303 2471 2378 2517 vi-

1352 2532 1532 2585 detur.
2254 2539 2267 2545 '

1418 2604 1808 2667 voluptarium.
1883 2600 2000 2667 vgl.
2052 2601 2117 2653 11.
2173 2604 2222 2666 7,
2279 2603 2374 2668 183

1352 2672 1482 2720 auch
1522 2671 1582 2721 de
1607 2669 1697 2720 fin.
1732 2665 1794 2720 V.
1827 2670 1913 2735 25,
1942 2672 2007 2720 74
2035 2679 2188 2721 neunt
2212 2688 2270 2722 er
2295 2672 2376 2722 die

1351 2739 1449 2805 Ep.
1478 2740 1834 2805 voluptarios.

1424 2806 1640 2858 beatum
1678 2807 1953 2874 appellat,
1993 2807 2044 2856 in
2068 2807 2178 2856 dem
2205 2805 2374 2856 Briefe

1353 2876 1804 2940 au'HermarchuS‚
1837 2878 1932 2928 den
1960 2874 2069 2926 Cic.
2099 2875 2160 2925 de
2185 2872 2274 2929 fin.
2304 2874 2372 2926 11.

1355 2945 1420 2995 30
1447 2944 1713 2995 iibersetzt
1737 2946 1840 2996 hat.

1421 3034 1681 3080 memoria
1729 3030 1798 3081 ist
1835 3031 1916 3081 die
1950 3031 2120 3082 blosse
2159 3029 2377 3082 Erinne-
2436 3036 2443 3040 ’

1353 3114 1484 3162 rung
1519 3099 1658 3149 eines
1693 3098 1987 3165 Friiheren‚
2038 3101 2265 3152 insofern
2302 3101 2376 3151 sie

1354 3167 1510 3217 durch
1536 3183 1683 3218 mens
1710 3174 1777 3219 et·
1791 3173 2054 3235 cogitatio
2081 3170 2373 3234 geschicht3
2431 3224 2440 3233 ⁴

1353 3236 1579 3301 recorda
1586 3241 1662 3294 tio
1705 3238 1786 3288 die
1804 3262 1809 3267 »
1824 3237 2380 3303 Vergegeuwiirtigung

1353 3305 1455 3354 und
1493 3305 1847 3371 Beherzigung
1884 3307 1973 3357 des
2007 3305 2377 3370 Vergangenen

1353 3388 1475 3424 cum
1547 3379 1725 3441 animo
1787 3380 1843 3424 et
1909 3377 2126 3443 affectu.
2171 3401 2234 3413 —
2269 3373 2378 3425 Zur

1354 3441 1519 3493 Sache
1549 3443 1654 3505 vgl.
1685 3442 1770 3505 26,
1803 3444 1886 3494 74.
1992 3486 1995 3489 ,

1423 3529 1709 3593 confutat,
1758 3529 1901 3594 eigtl.
1936 3545 2054 3579 vom
2089 3527 2376 3591 Beruhigen

1352 3597 1443 3647 des
1493 3593 1870 3648 aufwallenden
1902 3597 2191 3649 ,W’assers.
2220 3656 2227 3660 ,
2252 3595 2373 3661 vgl.
2434 3638 2440 3647 .

1353 3665 1417 3714 de
1454 3671 1585 3731 part.
1629 3671 1760 3714 orat.
1801 3666 2048 3729 38,134:
2089 3664 2378 3716 audaciam

1356 3734 1585 3783 alieuius
1613 3733 1952 3796 confutare..
2016 3748 2019 3751 ’
2110 3760 2112 3763 ·

1424 3821 1506 3867 ita
1530 3821 1719 3878 sentit,
1750 3823 1818 3867 ut
1841 3845 1908 3876 τ-
1927 3825 2106 3885 putet,
2156 3806 2270 3867 eine
2296 3817 2381 3868 bei

1357 3884 1538 3935 Cicero
1566 3884 1765 3946 hiiuflge
1786 3887 1881 3951 Art
1907 3887 1997 3939 des
2013 3887 2378 3952 Pleonasmust,

1357 3956 1400 4004 s.
1431 3952 1615 4020 Zumpt
1659 3954 1684 4017 §
1714 3952 1813 4002 749
1851 3958 1956 4007 und
1993 3958 2112 4007 750.
2176 3951 2382 4005 Ehenso

1914 4095 1951 4121 δ
