2784 4534
859 308 1297 383 Ll'nnniw'u
1330 312 1417 369 25.
1483 318 1563 384 ιι,
1601 318 1685 409 26.
2255 276 2344 377 14'9s

182 476 434 541 omniuo
466 476 729 539 animum
759 477 919 541 dicat
949 477 1135 540 esse?
1191 476 1297 541 His
1339 478 1656 543 sententiis
1703 478 1974 543 omnibus
2020 462 2170 547 nihil
2197 458 2333 564 post

182 571 449 625 mortem
473 562 781 645 pertinere
821 562 896 625 ad
927 564 1289 662 quemquam
1304 573 1538 647 potest·
1585 565 1811 649 pariter
1841 565 2001 628 enim
2044 587 2176 628 cum
2206 565 2333 629 vita
2363 638 2369 654 ἱ
2404 578 2410 584 ’

184 666 419 713 sensus
450 648 780 724 amittitur3
844 670 965 749 ιιοιι
1007 649 1323 712 sentientis
1370 659 1606 728 autem,
1663 649 1819 712 nihil
1865 661 1994 728 est,
2044 652 2224 714 ullam
2266 651 2330 714 in

185 744 421 819 partem
453 735 608 816 quod
644 734 937 810 intersit.
938 732 1352 817 Reliquorum
1382 736 1721 800 sententiae
1753 755 1917 819 spem
1949 698 2240 814 alierum,
2278 737 2331 800 si

189 831 273 883 te
270 820 394 882 hoc
426 821 582 882 forte
614 807 902 897 delectat,
940 837 1116 920 posse
1147 821 1416 897 animoS,
1464 820 1641 904 quum
1674 842 1706 887 e
1739 821 2087 920 corporibus
2119 826 2334 886 exces-

190 907 423 984 serint,
455 904 519 967 in
550 904 814 982 caelum,
859 906 1028 988 quasi
1058 907 1117 967 in
1151 868 1512 991 domicilium
1541 927 1750 984 suum,
1799 908 2141 990 pervenire.
2233 909 2327 972 A.

188 993 286 1056 Me
317 1012 471 1055 vero
502 991 791 1073 delectat,
827 990 1001 1074 idque
1033 992 1286 1076 primum
1317 992 1403 1055 ita
1434 1012 1568 1056 esse
1601 993 1815 1057 velim·
1799 1017 1816 1067 ς
1864 993 2077 1056 deinde
2152 994 2332 1056 etiam

192 1079 244 1141 si
274 1098 400 1140 non
433 1077 546 1154 sit,
593 1076 737 1140 mihi
781 1078 1129 1161 persuaderi
1178 1091 1376 1142 tamen
1420 1079 1624 1143 velim.
1716 1080 1816 1145 Μ.
1868 1078 2018 1158 Quid
2049 1041 2156 1142 tibi
2189 1080 2332 1162 ergo

191 1184 376 1247 opera
408 1173 617 1226 nostra
644 1185 793 1247 ¹opus
816 1163 961 1237 est?
1004 1185 1143 1233 num
1177 1164 1516 1246 eloquentia
1548 1165 1851 1229 Platonem
1884 1174 2167 1249 superare
2200 1186 2335 1248 pos-

170 1269 394 1313 ·sumus
412 1249 465 1310 ‘I‘
499 1249 729 1319 Evolve
762 1249 1081 1331 diligenter
1110 1249 1240 1313 eius
1274 1269 1407 1312 eum
1438 1250 1690 1326 librum,
1740 1251 1868 1333 qui
1872 1262 1963 1314 est
1993 1252 2064 1315 de
2095 1251 2328 1314 animo·

189 1335 444 1420 amplius
487 1335 642 1417 quod
686 1335 1027 1412 desidereS‚
1080 1335 1227 1398 nihil
1267 1337 1405 1398 erit.
1496 1337 1589 1401 A.
1640 1337 1786 1399 Feci
1837 1337 2209 1416 mehercule,
2275 1346 2336 1399 et

190 1421 426 1504 quidem
458 1420 731 1518 saepius3
785 1422 928 1497 sed,
974 1420 1177 1484 nescio
1210 1443 1324 1504 quo
1355 1422 1569 1498 modo,
1618 1423 1760 1487 ι1ιιιιι
1785 1423 1959 1508 lego,
2009 1423 2332 1497 assentior,

190 1526 368 1590 quum
413 1506 583 1589 posui
627 1505 840 1568 librum
885 1517 947 1568 et
989 1527 1219 1569 mecum
1261 1506 1389 1590 ipse
1421 1508 1493 1572 de
1526 1508 1970 1574 immortalitate
2001 1509 2334 1572 animorum
2383 1540 2392 1541 ff

187 1593 361 1677 coepi
392 1591 694 1676 cogitare,
730 1593 1005 1656 assensio
1034 1593 1227 1657 omnis
1257 1593 1361 1656 illa
1394 1593 1670 1657 elabitur.
2313 1634 2316 1637 π

359 1679 455 1743 Μ.
490 1677 642 1756 Quid
669 1677 826 1740 hoc?
857 1678 1041 1742 dasne
1070 1689 1176 1741 aut
1205 1699 1448 1742 manere
1480 1680 1711 1743 animos
1736 1689 1871 1778 post
1899 1690 2188 1755 mortem,
2233 1690 2336 1742 aut
2364 1692 2430 1741 25

36 1760 37 1767 '
120 1790 127 1797 ·
184 1773 389 1827 morte
418 1763 547 1846 ipsa
572 1763 871 1826 interire?
935 1765 1027 1829 A.
1065 1765 1153 1827 Do
1186 1785 1356 1828 vero.
1406 1765 1505 1829 M.
1544 1764 1738 1844 Quid?
1768 1765 1820 1828 si
1850 1767 2176 1828 maneant?
2232 1765 2348 1829 A.

181 1851 408 1914 Beatos
439 1869 575 1913 esse
606 1851 889 1915 concedo.
969 1852 1057 1915 M
1055 1872 1069 1911 ι
1106 1850 1211 1912 Sin
1242 1850 1590 1912 intereant?
1660 1849 1754 1914 A.
1803 1849 1939 1913 Non
1985 1871 2120 1915 esse
2150 1851 2330 1912 mise-

180 1958 327 2012 roS‚
377 1935 654 2017 quoniam
686 1955 762 1998 ne
792 1934 915 1999 sint
944 1935 1203 2018 quidem.
1281 1937 1404 1998 lam
1448 1935 1646 2012 istud,
1696 1935 1888 1998 coacti
1921 1957 1955 1997 a
1990 1945 2083 2014 te,
2135 1936 2330 2018 paullo

183 2031 329 2085 ante
360 2021 788 2085 concessimus
865 2023 964 2087 M.
1017 2022 1143 2101 Quo
1190 2022 1364 2086 modo
1410 2021 1596 2105 igitur
1643 2032 1746 2084 aut
1787 2042 1894 2085 cur
1923 2030 2176 2084 mortem
2205 2043 2331 2084 ma-

181 2107 307 2170 lum
337 2106 445 2168 tibi
478 2105 668 2170 videri
699 2106 891 2170 dicis?
937 2128 1086 2190 quae
1128 2119 1230 2171 aut
1270 2108 1481 2171 beatos
1513 2128 1623 2171 nos
1656 2107 1912 2186 efficiet,
1961 2106 2176 2170 animis
2206 2129 2331 2169 ma-

182 2191 466 2257 nentibus
487 2240 504 2270 ‚
542 2201 645 2254 aut
674 2214 795 2255 non
825 2192 1080 2258 miseros
1102 2240 1119 2270 ,
1155 2215 1335 2258 sensu
1367 2204 1671 2257 carenteS.

353 2279 448 2342 A.
489 2279 740 2361 Expone
770 2279 993 2362 igitur,
1046 2279 1164 2343 nisi
1195 2279 1511 2343 molestum
1542 2287 1671 2356 est,
1722 2279 2009 2364 primum,
2046 2279 2098 2342 si
2128 2289 2323 2363 poteS‚
2348 2279 2429 2349 12

100 2406 114 2414 -
181 2364 415 2428 animos
447 2384 760 2427 remanere
790 2374 927 2448 post
957 2374 1247 2444 mortem,
1284 2376 1409 2428 tum
1429 2412 1446 2441 ,
1483 2366 1537 2427 si
1569 2366 1764 2429 minus
1795 2365 1854 2427 id
1886 2365 2179 2429 obtinebis
2212 2367 2333 2449 (est
2362 2377 2429 2427 26

177 2553 230 2588 u.
257 2535 325 2588 V.
371 2538 457 2602 31,
497 2538 594 2601 88,
637 2538 737 2588 und
776 2541 888 2587 nisi
918 2539 1205 2588 molestum

180 2614 288 2670 est,
330 2623 382 2657 z.
423 2575 483 2657 Β
525 2606 681 2670 1.12,
711 2607 808 2670 26,
859 2607 1035 2657 immer
1072 2622 1206 2671 weg-

180 2677 419 2747 gelassen
443 2676 591 2725 wird.

249 2761 604 2824 quaeeunque
637 2771 705 2782 -—-
743 2748 836 2796 sit.
915 2744 1020 2794 Der
1071 2744 1204 2795 Con-

172 2813 382 2880 junctiv
407 2815 543 2865 steht
555 2813 692 2862 hier
678 2829 730 2862 ιιι
755 2814 889 2864 alle
905 2829 935 2862 n
960 2814 1174 2864 Hdsehr.
1163 2851 1201 2878 .,

180 2883 440 2933 erscheint
488 2883 615 2943 auch
668 2882 734 2932 im
772 2880 1094 2935 Nebensatze
1137 2898 1202 2933 zu

180 2953 346 3003 einem
390 2949 844 3017 Conjunctivsatze
890 2951 1203 3015 gerechtfer-

178 3021 296 3086 tigt.
362 3018 482 3083 Vgl.
534 3037 584 3085 p.
634 3018 819 3073 Flacco
863 3021 922 3085 8,
971 3021 1062 3071 19:
1104 3021 1203 3073 Ma.

178 3091 416 3141 randum
450 3104 574 3140 vero
605 3095 714 3152 est,
760 3092 995 3139 homines
1024 3106 1111 3139 eos
1136 3118 1202 3127 —

179 3160 412 3210 libenter
457 3161 701 3224 arripere
718 3157 1059 3224 facieltatem
1096 3159 1203 3211 lae-

180 3228 371 3290 dendi,
448 3240 793 3294 quaecunque
857 3228 1054 3277 detur!
1124 3243 1202 3277 wo

181 3296 349 3348 detur
373 3295 623 3346 ebenfalls
661 3296 817 3379 durch
855 3296 956 3346 alle
984 3295 1199 3346 Hdschr.

180 3366 442 3430 gesichert
471 3365 559 3416 ist.

236 3435 337 3489 ,24.
382 3437 543 3501 qnasi
571 3435 629 3484 in
665 3434 997 3484 domicilium
1020 3449 1198 3483 suum.
1274 3482 1281 3489 ,

177 3502 296 3568 Vgl.
339 3503 401 3553 de
440 3518 547 3553 sen.
591 3503 677 3565 23,
720 3503 815 3552 84:
868 3519 935 3553 ew
970 3506 1083 3552 vita
1119 3506 1202 3553 ita

180 3573 398 3623 discedo
426 3576 704 3639 tamquam
731 3587 799 3621 eoe
815 3573 1076 3639 hospitae,
1099 3586 1204 3621 non

182 3648 469 3708 tamquam
520 3657 546 3689 e
584 3640 772 3690 domo.-
837 3639 1208 3692 commorandi

181 3715 323 3760 enim
372 3715 579 3759 natura
631 3708 995 3760 deversorium
1031 3710 1198 3772 nobis,

1639 2575 1654 2601 ,
1711 2538 1793 2588 bei
1845 2522 1952 2589 det?
1984 2537 2194 2602 Angabe
2244 2539 2332 2590 des
2384 2570 2387 2577 ·

1311 2606 1506 2657 Inhalts
1555 2608 1698 2656 einer
1747 2606 1968 2672 Schrift,
2024 2608 2154 2658 wird
2204 2615 2332 2659 stets

1309 2675 1467 2727 durch
1488 2692 1600 2725 esse
1622 2676 1994 2739 ausgedriiekt3
2025 2677 2129 2740 vgl.
2148 2675 2235 2726 IV.
2244 2677 2328 2740 34,

1310 2745 1394 2795 72.
1438 2742 1617 2794 Cicero
1665 2743 1824 2793 meint
1861 2744 1974 2794 hier
2012 2744 2109 2828 den
2149 2743 2335 2807 Dialog·

1314 2810 1567 2863 Φαίδων.

1377 2884 1550 2931 nescio
1588 2896 1693 2947 quo
1728 2880 1889 2931 modo
1926 2880 2067 2943 hier,
2103 2881 2201 2931 wie
2243 2881 2326 2944 15,

1309 2951 1374 3000 33
1410 2967 1463 3000 u.
1497 2950 1556 2999 31
1580 2987 1596 3015 ,
1635 2950 1732 3013 77,
1772 2948 2162 3012 ganzqeinfach:
2205 2918 2329 3015 „icli

1309 3019 1461 3070 weiss
1488 3018 1643 3081 nieht,
1672 3019 1770 3069 wie
1796 3035 1852 3070 es
1877 3021 2131 3071 kommt“.

1368 3092 1537 3154 posui
1569 3089 1787 3143 librum„
1852 3090 1992 3140 Auch
2029 3106 2095 3139 zu
2133 3097 2331 3141 vestem

1306 3159 1460 3222 pflegt
1498 3172 1613 3207 man
1638 3157 1778 3212 nicht
1804 3160 2080 3226 deponere,
2113 3159 2344 3209 sondem.

1307 3226 1399 3276 das
1438 3226 1664 3293 Simplex
1697 3243 1762 3277 zu
1800 3235 2004 3291 setzen,
2057 3244 2105 3276 z.
2136 3227 2192 3276 B.
2239 3228 2328 3290 47,
2365 3266 2370 3275 ,

1308 3295 1487 3345 113ιι.
1517 3295 1578 3347 V.
1611 3296 1695 3359 20,
1726 3297 1821 3360 693
1875 3296 2061 3346 ebenso
2079 3296 2329 3345 dolorem

1309 3362 1423 3428 (ΙΙΙ.
1453 3365 1537 3427 28,
1562 3364 1670 3428 66),
1706 3366 1864 3429 vitia,
1894 3380 2050 3415 arma
2072 3378 2290 3458 ponere.

1376 3434 1462 3483 25.
1503 3433 1645 3498 Quid
1677 3434 1813 3482 hoe?
1862 3432 2024 3498 „Wie
2061 3428 2193 3482 so?“
2232 3431 2330 3481 bil-

1308 3502 1395 3552 det
1432 3517 1529 3552 nur
1564 3501 1660 3551 den
1686 3499 1989 3565 Uebergang
2027 3518 2091 3551 zu
2118 3500 2208 3551 der
2235 3500 2330 3550 fol—

1308 3569 1504 3634 genden
1531 3568 1716 3633 Frage.

1377 3639 1558 3689 dasne.
1620 3638 1736 3702 vgl.
1780 3637 1841 3690 ΙΙ.
1885 3639 1980 3702 12,
2028 3638 2124 3688 28·
2184 3641 2325 3690 δαί-ὼ

1306 3709 1444 3759 milti
1466 3707 1679 3757 dedisti.

1312 2537 1593 2603 „handcln‘
1604 2538 1617 2564 ‘

178 3796 287 3830 non
314 3778 604 3829 habitandi
627 3779 799 3829 loeum
827 3778 992 3828 dedit.

249 3864 376 3899 vero
416 3846 716 3911 affirmativ,
760 3848 858 3898 wie
903 3847 930 3910 ἓ
971 3847 1066 3909 253
1116 3846 1201 3910 23,

183 3919 283 3982 553
325 3917 411 3980 32,
444 3917 561 3979 76;’
581 3915 667 3979 43,
698 3917 794 3966 103
819 3917 921 3981 und
947 3915 1097 3965 iifter.

255 3990 354 4052 qui
386 3991 477 4036 est
497 3985 564 4035 de
589 3988 783 4037 animo,
834 3984 939 4036 Das
965 3984 1203 4036 deutsche

1373 3772 1470 3832 12.
1500 3776 1584 3826 26.
1626 3777 1921 3833 obtinebas.-
1973 3775 2084 3825 eine
2109 3774 2327 3826 Ausicht

1306 3846 1673 3907 durchsetzen,
1700 3843 1809 3893 also
1835 3844 2108 3895 beweisen.
2163 3842 2230 3895 So
2243 3843 2324 3921 V

1308 3915 1394 3976 30,
1422 3913 1518 3963 85:
1557 3913 1629 3964 Hi
1650 3913 1783 3980 quid
1809 3917 2030 3981 possint
2065 3900 2320 3979 obtenere,

1304 3951 1597 4034 videamus.

1927 4056 1994 4114 2.
