2784 4534
937 310 1189 369 Lmen
1219 315 1306 368 111.
1341 315 1425 382 15,
1459 305 1542 368 32.
1575 314 1659 367 33.

2241 306 2363 371 133

230 474 336 537 ille
365 471 571 538 vultus
601 492 837 558 semper
864 474 1019 539 idem
1040 523 1058 555 ‚
1094 497 1268 559 quem
1298 476 1514 540 dicitur
1527 476 1862 561 Xanthippe
1893 476 2232 561 praedicare
2264 498 2363 540 so-

230 560 341 623 lita
379 560 444 622 in
483 560 620 624 viro
666 581 773 624 suo
820 561 1005 626 fuisse
1051 561 1329 626 Socrate:
1378 564 1587 626 eodem
1620 580 1853 647 semper
1900 584 1967 627 se
1996 563 2220 629 vidisse
2246 585 2361 628 ‘ex-

232 656 476 710 euntem
516 636 702 733 illumx
727 647 900 710 domo
943 658 1004 709 ct
1042 656 1470 719 revertentem.
1548 648 1672 713 Nec
1714 668 1860 712 vero
1906 668 1975 711 ea
2004 650 2171 714 frons
2202 660 2355 728 erat,

233 752 386 815 quae
413 732 497 795 M.
535 732 740 796 Crassi
768 732 932 795 illius
961 734 1187 798 veteris
1208 780 1225 811 ‚
1275 755 1447 818 quem
1479 735 1665 800 semel
1706 735 1789 814 ait
1830 734 1893 797 in
1933 736 2092 798 omni
2121 736 2248 798 vita
2275 737 2359 798 ri-

231 818 390 880 sisse
419 818 720 895 Lucilius,
785 819 888 881 sed
920 817 1237 902 tranquilla
1267 831 1327 882 ct
1357 840 1607 899 serena3
1672 821 1759 885 sic
1799 821 1957 883 enim
2000 822 2352 905 accepimus.

233 903 371 966 Iure
415 913 612 966 autem
657 916 788 968 erat
830 924 1068 989 semper
1107 905 1263 969 idem
1292 907 1530 985 vultus,
1556 928 1756 989 *quum
1798 906 2049 983 mentiS‚
2101 928 2137 969 a
2165 927 2279 990 qua
2308 908 2360 971 is

233 988 479 1073 fingitur
495 1035 512 1066 ‚
548 990 707 1053 nulla
736 991 908 1053 fieret
936 992 1204 1054 mutatio.

406 1074 602 1154 Quare
632 1076 854 1160 accipio
885 1077 1154 1158 equidem
1187 1098 1223 1140 a
1252 1077 1599 1162 Cyrenaicis
1648 1074 1791 1143 haec
1830 1099 1995 1142 arma
2026 1086 2236 1140 contra
2265 1100 2360 1140 ca·

233 1181 337 1223 sus
384 1170 445 1223 et
490 1160 742 1227 eventus
762 1208 780 1240 ‚
843 1162 1053 1245 quibus
1099 1183 1306 1226 eorum
1357 1164 1746 1229 advenientes
1790 1164 2043 1247 impetus
2086 1163 2362 1226 diuturna

234 1246 763 1345 praemeditatione
793 1249 1145 1332 frangantur
1165 1295 1182 1326 ‚
1218 1249 1511 1332 simulque
1541 1250 1735 1323 iudico
1757 1296 1773 1326 ,
1811 1250 2028 1312 malum
2058 1249 2201 1311 illud
2234 1246 2359 1333 opil-

234 1332 430 1396 monis
462 1349 596 1397 esse
615 1379 633 1410 ‚
687 1354 805 1397 non
850 1346 1117 1397 naturae.

1212 1334 1275 1397 Si
1309 1335 1478 1397 'enim
1508 1336 1572 1398 in
1617 1355 1684 1399 re
1715 1345 1920 1398 essent
1943 1381 1960 1412 ‚
2012 1356 2118 1398 cur
2148 1336 2361 1399 fierent
2391 1348 2456 1397 32

234 1418 474 1501 provisa
504 1419 775 1482 leviora?
838 1420 953 1484 Sed
985 1432 1078 1485 est
1106 1421 1333 1485 iisdem
1362 1421 1436 1483 de
1466 1420 1643 1485 rebus
1675 1420 1828 1503 quod
1860 1420 1974 1483 dici
2005 1421 2193 1504 possit
2222 1420 2359 1485 suh-

233 1503 433 1580 tilius,
484 1504 537 1568 si
578 1505 743 1588 prius
773 1506 1012 1589 Epicuri
1055 1506 1415 1570 sententiam
1444 1507 1770 1570 viderimus
1792 1554 1809 1584 ‚
1843 1507 1943 1590 qui
1978 1518 2218 1585 censet,
2255 1527 2360 1569 nc-

235 1602 402 1655 cesse
442 1606 578 1654 esse
618 1610 825 1653 omnes
868 1593 933 1654 in
986 1592 1357 1675 aegritudine
1401 1611 1572 1669 esse,
1638 1592 1739 1675 qui
1786 1611 1851 1654 se
1898 1591 1963 1655 in
2005 1593 2176 1657 malis
2224 1612 2357 1656 esse

236 1675 610 1739 arbitrentur
628 1722 645 1753 ‚
681 1677 811 1740 sive
841 1676 945 1743 illa
974 1687 1113 1740 ante
1144 1676 1385 1761 provisa
1416 1687 1477 1740 et
1506 1687 1846 1761 exspectata
1876 1678 1997 1740 sint
2026 1679 2155 1741 sive
2186 1678 2355 1740 inve·-

233 1760 585 1823 teraverint.
662 1762 811 1826 Nam
844 1780 1035 1845 neque
1063 1773 1362 1825 vetustate
1394 1763 1581 1826 minui
1610 1763 1764 1825 mala
1793 1783 1901 1825 nec
1931 1763 2060 1824 fieri
2091 1764 2373 1846 praemew

233 1846 417 1909 ditata
443 1846 703 1923 leviora,
749 1848 1105 1931 stultamque
1148 1847 1324 1912 etiam
1355 1869 1492 1913 esse
1532 1848 1980 1912 meditationem
2005 1849 2188 1920 futuri
2219 1850 2359 1912 mali·

231 1943 334 1996 aut
362 1934 618 1996 fortasse
650 1954 724 1997 ne
755 1935 939 1998 futuri
968 1935 1243 2017 quidem3
1279 1935 1424 1998 satis
1449 1954 1585 1998 esse
1603 1935 1871 1998 odiosum
1904 1934 2120 1996 malum
2151 1954 2350 2011 omne,

231 2039 408 2101 quum
437 2019 744 2098 venissen
779 2020 880 2102 qui
908 2029 1105 2084 autem
1137 2040 1373 2104 semper
1402 2020 1822 2104 cogitavisset,
1868 2019 2136 2083 accidere
2178 2040 2356 2103 posse

230 2104 448 2186 aliquid
477 2105 753 2183 adversi,
801 2106 858 2170 ei
903 2105 1041 2179 fleri
1065 2106 1211 2169 illud
1253 2107 1677 2191 sempiternum
1710 2105 1969 2183 malumr,
2022 2105 2074 2168 si
2102 2125 2248 2168 vero
2280 2126 2355 2168 ne

230 2190 492 2253 futurum
522 2190 757 2273 quidem
788 2191 904 2269 sit,
950 2194 1173 2257 frustm
1202 2193 1427 2277 suscipi
1457 2192 1760 2255 miseriam
1792 2191 2224 2255 voluntariam:
2270 2193 2355 2254 ita

231 2290 465 2361 semper
493 2277 629 2359 angi
660 2288 764 2340 aut
792 2278 1134 2362 accipiendo
1164 2289 1269 2341 aut
1297 2280 1612 2362 cogitando
1642 2279 1820 2341 malo.

399 2362 786 2426 Levationem
846 2374 1042 2427 autem
1104 2363 1493 2450 aegritudinis
1553 2364 1616 2427 in
1661 2363 1883 2428 duabus
1938 2363 2116 2428 rebus
2158 2364 2349 2447 ponit,
2385 2376 2451 2426 33
2519 2378 2523 2384 ·

230 2448 581 2513 avocatione
610 2470 645 2511 a
674 2450 987 2535 cogitanda
1016 2450 1291 2515 molestia
1320 2460 1380 2512 et
1409 2450 1794 2514 revocatione
1838 2450 1911 2512 ad
1949 2450 2351 2534 contemplan-

231 2534 331 2597 das
361 2534 721 2617 voluptates.
798 2535 1020 2601 Parere
1065 2536 1224 2600 enim
1269 2546 1479 2601 censet
1506 2536 1765 2599 animum
1808 2536 2027 2598 rationi
2057 2555 2232 2618 posse
2264 2546 2346 2613 et,
2392 2576 2397 2581 -

229 2641 340 2703 quo
371 2619 473 2684 illa
506 2619 703 2698 ducat,
746 2621 937 2705 sequi.
986 2620 1164 2686 Vetat
1191 2621 1376 2705 igitur
1403 2622 1558 2686 ratio
1589 2621 1810 2685 intueri
1841 2620 2144 2685 molestias
2165 2666 2183 2698 ,
2219 2619 2354 2684 abs·
2454 2658 2463 2669 ·

295 2817 588 2885 deputare,
627 2825 774 2869 *trotz
818 2820 905 2869 des
943 2818 1237 2871 Zwisehen-

228 2887 464 2937 νει-11111113
489 2891 709 2954 cogitet,
742 2888 933 2938 wieder
954 2903 1053 2937 von
1081 2892 1238 2955 epor-

232 2959 311 3006 tet
329 2956 598 3037 abhiingig.

293 3054 389 3116 15.
428 3059 515 3109 31.
552 3060 699 3125 Ergo
724 3085 792 3097 ——
818 3076 981 3126 quum
1002 3086 1062 3099 -
1088 3061 1262 3112 dixe·-

229 3131 321 3178 rit.
365 3126 572 3179 Ciceros
600 3129 942 3194 gewtihnliche
969 3127 1239 3194 Weudung

232 3196 399 3247 wiirde
449 3197 584 3247 sein:
632 3197 780 3264 Ergo
820 3199 920 3249 hoc
960 3197 1235 3249 Terentius

229 3291 289 3301 -
318 3265 482 3316 dicit.-
528 3282 625 3316 uos
647 3292 721 3302 —
742 3282 847 3318 non
875 3292 937 3305 -
966 3266 1237 3320 dicemus?

232 3330 284 3382 S.
313 3332 467 3401 ιιι-ΙΙ.
499 3335 580 3405 17,
609 3334 695 3386 39.

295 3417 476 3468 vultus
507 3436 717 3486 semper
752 3421 911 3472 idem.
971 3420 1049 3472 De
1075 3421 1158 3472 off.
1190 3421 1231 3472 Ι.

195 3551 208 3563 ,
229 3485 314 3549 26,
334 3486 429 3536 90:
455 3488 748 3540 Praezeclcm
773 3496 855 3540 est
877 3491 1234 3557 aequabilitas

225 3558 280 3605 in
319 3554 467 3606 omni
495 3562 609 3609 vita
645 3564 700 3608 et
722 3558 866 3609 idem
888 3574 1098 3625 semper
1119 3561 1235 3610 vul—

227 3629 315 3675 tus
337 3625 824 3692 eademquesrons‚
852 3633 917 3678 ut
934 3627 997 3678 de
1009 3627 1236 3680 Socrate

226 3696 461 3760 itemque
483 3694 550 3763 de
572 3695 633 3747 C.
657 3695 844 3749 Laelio
869 3699 1185 3769 accepimus.

288 3778 367 3830 Μ.
398 3780 626 3833 Crassus
636 3819 655 3844 ,
702 3782 796 3832 der
815 3779 1123 3831 Grossvater
1144 3782 1233 3832 des

223 3844 525 3913 Triumvirs‚
543 3846 724 3901 Priitor
740 3850 836 3900 105
849 3865 901 3899 v.
921 3848 1063 3908 Chr„
1093 3850 1232 3902 hatte

226 3916 637 4052 gengffiemamen
678 3919 965 3997 'Agelastus
1011 3913 1235 3986 (ἀγέλα-

581 4094 596 4124 Ι

1413 2820 1470 2871 C.
1503 2819 1769 2878 Lucilius,
1812 2819 1903 2869 der
1928 2816 2350 2883 Satirendichter,

1340 2888 1509 2945 diente
1583 2888 1658 2938 als
1717 2887 1883 2938 Ritter
1948 2894 2097 2945 unter
2163 2884 2351 2938 seinem

1338 2956 1574 3008 Freuude
1611 2956 1777 3024 Scipio
1801 2954 2073 3007 Africanus
2115 2972 2209 3007 vor
2246 2955 2352 3008 Nu·

1338 3026 1548 3076 mantia.
1587 3024 1682 3076 Die
1718 3025 1956 3077 beriihrte
1982 3024 2138 3077 Stelle
2164 3026 2233 3077 ist
2255 3042 2352 3077 uns

1340 3095 1480 3146 nicht
1504 3095 1764 3159 erhalten3
1793 3095 1872 3146 die
1888 3093 2048 3147 Sache
2073 3096 2203 3146 wird
2219 3095 2357 3146 lifter

1339 3163 1587 3229 erwfflmt,
1614 3181 1662 3215 z.
1692 3162 1749 3214 B.
1778 3165 1840 3215 de
1864 3164 1950 3214 fin.
1977 3164 2042 3216 V.
2069 3165 2157 3229 30,
2183 3165 2269 3215 92.

1408 3235 1614 3298 quibus,
1644 3232 1762 3284 Abl.
1791 3234 2056 3297 instrum.3
2086 3234 2351 3284 diuturna

1330 3303 1869 3367 praemeditationes
1892 3301 2010 3352 ΛΜ.
2061 3301 2215 3355 modi.
2292 3300 2348 3350 ln

1337 3371 1598 3422 iihnlicher
1619 3370 1798 3425 Weise
1837 3371 1965 3422 zwei
1991 3369 2187 3421 Ablue:
2228 3370 2255 3433 ξ
2279 3369 2346 3418 33

1302 3501 1308 3507 ,
1334 3439 1658 3504 voluptates,
1687 3440 1877 3506 quibus
1900 3439 2070 3490 ille-et
2101 3443 2350 3503 praeter-

1332 3512 1542 3558 icarum
1600 3511 1862 3571 memoria
1924 3514 1979 3559 et
2032 3523 2125 3573 epe
2172 3521 2350 3557 eonse-

1336 3579 1618 3643 quentium
1662 3580 1920 3643 sapientis
1966 3579 2135 3626 vitam
2175 3575 2348 3640 refer-

1338 3651 1452 3695 tam
1473 3649 1660 3710 putat.
1952 3674 1960 3679 -
2105 3678 2117 3699 .

1403 3712 1489 3763 32.
1529 3712 1593 3764 Sa·
1630 3708 1767 3763 enim
1800 3716 1857 3763 in
1894 3729 1955 3763 re
1992 3719 2181 3763 essent.
2241 3710 2348 3763 Aus

1337 3797 1492 3831 casus
1533 3786 1589 3831 et
1624 3784 1838 3831 eventus
1870 3782 1941 3832 ist
1975 3781 2063 3832 das
2089 3781 2349 3846 allgemei-

1335 3866 1455 3900 nere
1480 3850 1626 3900 mala
1652 3850 1728 3900 als
1748 3842 1870 3917 Suhj
1880 3858 1961 3902 eet
1985 3867 2050 3901 zu
2076 3850 2345 3916 erganzen.

1403 3919 1490 3969 33.
1531 3919 1699 3972 Vetat
1741 3922 1914 3987 igitur
1959 3923 2137 3987 ratio,
2194 3920 2346 3972 niiml.

1336 3988 1385 4038 in
1413 3987 1633 4055 Epicure·
1655 3986 1826 4041 Sinne.
