2784 4534
427 276 564 363 ‚250
1107 290 1500 346 1..1nunv
1532 290 1618 358 ει,
1642 290 1737 344 so.
1770 288 1858 343 8⁷.

409 446 422 461 ⁰
439 452 678 535 aliquid
691 451 982 528 habeant3
1031 471 1170 514 nam
1208 451 1550 529 AristoniS,
1599 418 1929 536 Pyrrhonis
1947 497 1964 528 ,
2006 448 2227 533 Herilli
2269 451 2595 516 nonnullo-

440 558 691 620 rumque
721 537 977 600 aliorum
1012 549 1409 601 evanuerunt.
1486 576 1491 579 Δ

613 622 689 685 Hi
720 622 859 705 quid
889 606 1124 706 possint
1153 622 1463 699 obtinere,
1498 622 1849 699 videamuS,
1860 608 2127 687 omissis
2159 619 2410 697 Stoicis,
2448 642 2595 703 quo-

437 728 572 773 rum
579 708 786 773 “satis
806 708 1051 771 videor
1061 708 1403 793 defendisse
1448 707 1830 780 sententiam.
1938 707 2017 770 Et
2048 705 2594 806 Peripateticorum

437 794 674 876 quidem
722 793 1024 893 explicata
1066 812 1282 861 caussa
1323 803 1457 858 est·
1440 839 1458 872 ,
1509 804 1750 878 praeter
1780 791 2260 890 Theophrastum
2306 801 2369 855 et
2408 791 2464 854 si
2493 792 2596 874 qui

437 880 606 943 illum
638 878 829 942 secuti
858 879 1215 944 imbecillius
1248 879 1500 943 horrent
1530 880 1792 943 dolorem
1826 887 1889 941 et
1909 876 2320 954 reformidant,
2342 877 2593 960 reliquis

437 966 675 1048 quidem
705 965 849 1029 licet
876 965 1075 1029 facere
1105 965 1167 1028 id
1184 1011 1201 1042 ,
1251 966 1408 1046 qnod
1438 967 1565 1028 fere
1597 964 1854 1041 faciunt,
1903 973 1966 1025 ut
2011 963 2369 1048 gravitatem
2401 962 2594 1046 digni-

436 1061 738 1133 tatemque
768 1050 1016 1115 virtutis
1046 1061 1442 1136 exaggerent.
1522 1050 1712 1129 Quam
1756 1071 1953 1148 quum
1976 1049 2049 1112 ad
2093 1049 2343 1112 caelum
2355 1049 2594 1119 extule—

436 1148 614 1212 runt,
664 1136 820 1217 quod
863 1137 1064 1199 facere
1114 1135 1462 1218 eloquentes
1493 1135 1766 1198 homines
1797 1134 2039 1219 copiose
2079 1134 2316 1211 solent,
2358 1134 2595 1217 reliqua
2656 1193 2667 1198 -
2770 1180 2771 1187 ι

437 1241 517 1283 ex
550 1220 874 1284 collatione
905 1220 1077 1283 facile
1109 1233 1204 1284 est
1233 1231 1549 1284 conterere
1581 1231 1779 1303 atque
1789 1231 2195 1285 contemnere.
2273 1219 2402 1284 Nee
2430 1219 2592 1282 enim

437 1305 625 1369 licet
607 1306 723 1383 fis,
768 1304 870 1388 qui
898 1304 1133 1369 laudem
1165 1328 1295 1369 cum
1328 1306 1536 1371 dolore
1567 1306 1882 1395 petendam
1913 1325 2049 1370 esse
2081 1305 2316 1378 dicant,
2365 1325 2591 1388 negare

442 1411 547 1456 eos
578 1410 714 1454 esse
744 1390 990 1466 beatos,
1043 1391 1142 1473 qui
1182 1392 1346 1454 illam
1391 1392 1591 1476 adepti
1636 1403 1798 1456 sunt.
1878 1391 2246 1474 Quamquam
2278 1390 2438 1453 enim
2470 1390 2594 1455 sint

435 1477 501 1540 in
533 1476 884 1559 quibusdam
915 1437 1116 1554 malis,
1143 1486 1348 1540 tamen
1379 1479 1490 1541 hoc
1522 1498 1740 1542 nomen
1770 1477 1930 1548 beati
1959 1476 2137 1560 longe
2167 1486 2230 1538 et
2257 1473 2378 1539 late
2382 1486 2585 1575 patet.

325 1560 408 1631 31
609 1561 766 1625 Nam
809 1571 877 1624 ut
922 1574 1294 1645 quaestuosa
1332 1574 1707 1640 mercatura,
1755 1564 2063 1625 fructuosa
2104 1561 2298 1624 aratio
2340 1556 2584 1640 dicitur,

336 1657 405 1709 86
436 1668 557 1710 non
588 1647 642 1711 si
672 1648 862 1713 altera
893 1668 1130 1732 semper
1160 1649 1322 1712 omni
1353 1649 1607 1726 damno,
1656 1648 1846 1712 altera
1877 1648 2039 1710 omni
2082 1648 2454 1730 tempestatis
2488 1668 2587 1710 ca-

433 1732 698 1797 lamitate
730 1752 966 1817 semper
987 1738 1199 1811 vacat,
1251 1735 1355 1797 sed
1401 1735 1454 1799 si
1485 1731 1670 1798 multo
1701 1734 1932 1797 maiore
1976 1754 2061 1797 ex
2089 1744 2260 1817 parte
2292 1743 2497 1796 exstat
2522 1733 2590 1795 in

435 1829 687 1902 utraque
720 1819 1012 1886 felicitas:
1064 1821 1151 1896 sie
1190 1820 1317 1883 vita
1355 1841 1483 1882 non
1515 1821 1708 1883 solum
1752 1819 1809 1884 si
1849 1817 2108 1901 undique
2149 1819 2371 1883 referta
2415 1817 2590 1882 honis

440 1915 554 1983 est,
590 1906 698 1967 sed
734 1906 786 1966 si
817 1905 1003 1968 multo
1034 1905 1262 1969 maiore
1296 1915 1355 1967 et
1384 1907 1667 1988 graviore
1698 1925 1780 1968 ex
1809 1915 1979 1989 parte
2000 1904 2159 1966 hona
2189 1904 2583 2003 propendent,

334 1998 400 2052 87
430 1989 609 2054 beata
636 2000 799 2054 recte
831 1990 949 2053 dici
980 2000 1198 2074 potest.
1299 1991 1599 2074 Sequetur
1638 1991 1826 2074 igitur
1869 1990 2079 2052 horum
2112 1989 2349 2053 ratione
2377 1988 2480 2052 vel
2511 1989 2591 2052 ad

1534 2150 1729 2235 ’atque
1752 2167 2064 2235 explicam,-
2102 2167 2166 2218 ad
2190 2164 2303 2217 Att.
2332 2163 2427 2216 IX.
2450 2167 2503 2230 7,
2524 2166 2589 2216 22

1516 2286 1523 2291 .
1565 2237 1811 2302 (litterae
1837 2239 2006 2300 tuae),
2032 2238 2223 2302 quibus
2247 2236 2386 2287 nihil
2400 2240 2597 2302 potest

1564 2323 1675 2356 esse
1701 2305 2053 2372 explicati-ue,
2097 2306 2234 2354 nihil
2262 2304 2587 2369 perfectius.

442 2186 446 2190 ·
501 2168 805 2231 Aristonis,
845 2166 1178 2235 Pyrrhonis,
1221 2183 1266 2218 s,
1295 2183 1361 2216 zu
1388 2165 1455 2217 11.

433 2236 490 2299 6,
519 2237 602 2286 15.
658 2233 802 2294 Naeh
829 2236 989 2286 Acad.
1018 2234 1080 2285 11.
1109 2205 1196 2298 42,
1229 2236 1328 2286 130
1353 2236 1458 2286 und

433 2304 496 2354 de
522 2304 624 2366 leg.
653 2301 693 2352 Ι.
724 2304 810 2367 21,
840 2304 904 2353 55
933 2303 1072 2353 ‘wieh
1097 2301 1271 2353 Aristo
1312 2304 1459 2353 darin

345 2415 352 2419 .
432 2388 531 2421 von
558 2369 698 2421 Zeno
725 2372 821 2434 ab,
865 2373 982 2421 dass
1007 2388 1067 2422 er
1090 2372 1143 2420 in
1169 2372 1265 2422 den
1291 2366 1458 2422 ἀδια-

1561 2375 1658 2440 (So
1708 2374 1926 2424 hraucht
1965 2387 2080 2422 man
2122 2373 2252 2422 auch
2295 2372 2590 2423 distinctus
2676 2374 2701 2386 ⁶

434 2433 631 2509 φόροις
664 2440 848 2501 keinen
886 2438 1222 2492 Unterschied
1257 2442 1458 2492 maehte
1490 2464 1507 2489 x

435 2510 538 2559 und
586 2496 810 2565 sie1alle
861 2509 938 2569 als
978 2509 1231 2560 durchaus
1268 2510 1460 2576 gleich-

435 2578 601 2642 giiltig
623 2577 960 2629 betrachtete.
983 2605 1052 2615 ·-
1076 2577 1271 2660 Pyrrho
1297 2579 1459 2641 mein·
1521 2620 1531 2635 x

434 2653 517 2713 te,
560 2648 679 2698 dass
716 2648 809 2698 der
834 2646 1009 2698 Weise
1050 2647 1131 2698 die
1167 2635 1458 2731 ἀδιάφορα

432 2716 694 2850 {qil-‘geht
718 2716 904 2769 einmal
927 2718 1252 2769 wahrnehme
1278 2711 1457 2784 (απα-

502 2850 712 2907 Herilli.
757 2844 848 2904 Ει·
887 2868 999 2904 war
1046 2869 1137 2905 aus
1176 2854 1455 2919 Carthago,

432 2922 683 2972 ehenfalls
732 2922 899 2981 Zenos
949 2922 1182 2973 Schiiler.
1245 2924 1321 2974 De
1364 2923 1454 2976 fin.
1474 2944 1481 2949 ·

431 2988 497 3039 V.
551 2984 644 3053 25,
698 2990 795 3040 73·
870 2991 1105 3041 Herillus
1167 2995 1458 3041 scientiam

437 3027 799 3127 (ἐπιστήμην)
827 3073 1098 3109 summum
1125 3061 1320 3109 bonum
1348 3076 1460 3110 esse

434 3124 694 3191 defendit,
725 3143 820 3175 nec
839 3141 952 3176 rem
978 3127 1149 3176 ullam
1168 3128 1335 3179 aliam
1353 3145 1460 3195 per

429 3212 489 3245 se
509 3195 883 3261 expetendam.

502 3269 853 3329 evanuerunt.
919 3260 995 3313 De
1044 3261 1130 3313 off.
1181 3262 1223 3313 Ι.
1273 3264 1336 3328 2,
1388 3267 1453 3317 6:

430 3332 730 3395 Aristonis,
774 3332 1094 3399 Pyrrhoni&
1129 3333 1322 3383 Herilli
1342 3337 1454 3384 iam

424 3401 660 3466 pridem
686 3401 910 3466 explosa
945 3405 1218 3452 sententia
1257 3408 1357 3452 est.
1384 3430 1455 3440 -

431 3468 486 3519 ln
537 3470 630 3519 der
676 3470 1024 3535 christlichen
1050 3466 1236 3520 Rirche
1284 3479 1457 3523 traten

431 3538 604 3604 spiiter
633 3539 759 3603 jene
798 3537 1103 3603 Ansichten‚
1152 3554 1249 3590 von
1289 3541 1454 3593 einem

432 3622 596 3656 neuen
637 3605 841 3673 Princip
892 3607 1311 3674 durchdrungen,
1359 3609 1457 3661 mit

429 3675 555 3725 weit
602 3678 864 3738 grosserer
898 3673 1071 3727 Maeht
1106 3677 1302 3729 wieder
1338 3679 1456 3731 her-

431 3758 542 3793 vor.

500 3814 756 3875 obtinere,
785 3829 828 3863 s.
861 3812 991 3864 zul.
1021 3814 1104 3878 12,
1133 3816 1218 3866 26.

501 3850 782 3946 emplzeat'a
821 3882 888 3932 ist
912 3852 1183 3952 AdJect’iv.
1228 3884 1450 3950 „klar“,

430 3947 542 3999 wie
567 3965 617 4015 p.
645 3947 816 4002 Plane.
847 3951 898 4016 2,
928 3954 989 4003 5.
1042 3969 1234 4004 caussa
1255 3954 1452 4020 facilis

1500 2719 1509 2723 ’
1562 2717 1720 2768 Prosa
1747 2716 1887 2767 nicht
1909 2716 2094 2781 Ιιὲιιίὶς.

1561 2443 1677 2494 und
1710 2443 1853 2495 seine
1891 2439 2243 2505 Gegeusiitze.
2305 2443 2586 2507 confitens,

1564 2517 1850 2562 contortus
1875 2527 1926 2561 ιι.
1958 2525 2006 2560 a.
2013 2509 2039 2576 )

1622 2585 1850 2647 praeter
1879 2577 2474 2653 Theophrastum,f1ir
2499 2594 2592 2628 εω-

1563 2654 1715 2715 cepto
1757 2634 2163 2714 Theophrasto,
2216 2646 2267 2696 in
2306 2648 2398 2696 der
2432 2654 2590 2710 guten

2157 2715 2264 2766 Zur
2287 2715 2451 2766 Sache
2475 2715 2584 2780 vgl.

1562 2788 1615 2851 9,
1646 2787 1715 2836 24
1739 2787 1839 2835 und
1868 2785 1954 2836 25.

1631 2856 1788 2920 licet,
1834 2848 2050 2904 namlich
2090 2854 2217 2904 nach
2257 2853 2402 2904 ihren
2443 2852 2587 2904 Priu-

1562 2924 1609 2975 ei
1644 2924 1746 2974 ien.
1792 2937 1807 2941 ²

1610 2940 1980 3058 pexaggerent,
2011 3007 2054 3041 s.
2084 3008 2146 3042 zu
2177 2992 2260 3055 18,
2291 2993 2401 3042 51.-

1630 3077 1699 3111 eae
1753 3061 2074 3113 collatione:
2152 3060 2263 3125 ‚,im
2309 3060 2584 3124 Vergleich

1561 3128 1677 3194 (mit
1702 3129 1793 3179 der
1816 3127 2117 3195 Tugend)‘.
2057 3128 2105 3156 ‘⁴

1629 3204 1924 3261 conterere,
1971 3166 2247 3262 gleichsam
2270 3198 2364 3248 mit
2385 3190 2587 3248 Fiissen

1558 3274 1758 3331 treton,
1811 3267 1877 3317 im
1925 3267 2143 3318 schonen
2185 3265 2476 3332 Gegensatz
2516 3282 2586 3316 zu

1508 3386 1516 3399 ,
1558 3336 1632 3387 ad
1655 3304 1861 3386 eae'lum
1886 3338 2092 3407 efferre.

1630 3403 1970 3470 Quamquam
1987 3431 2054 3442 --
2072 3408 2203 3467 siut,
2239 3384 2587 3469 „moglieher-

1557 3474 1733 3536 weise,
1770 3473 2073 3524 vielleicht“
2095 3473 2312 3538 3daher
2337 3473 2429 3524 der
2454 3472 2587 3524 Con-

1553 3542 1575 3607 j
1586 3541 1777 3592 unctiv.

1627 3607 1721 3666 31.
1763 3610 1847 3660 86.
1882 3610 2245 3677 propendent,
2272 3624 2402 3673 ganz
2428 3625 2587 3660 unser

1560 3679 1996 3744 „iiberwiegen“,
1986 3680 2130 3744 vgl.
2160 3676 2245 3743 17,
2275 3680 2361 3729 51.

1626 3748 1712 3797 87.
1754 3750 1948 3798 horum
1991 3753 2238 3799 ratisone
2301 3747 2430 3798 nach
2470 3746 2585 3798 dem

1555 3815 1753 3884 System
1783 3817 1875 3866 der
1897 3814 2289 3882 Peripatetiker.

1625 3889 1684 3935 in
1712 3890 1956 3950 taurum,
1983 3900 2059 3935 se.
2086 3885 2418 3936 Phalaridis.
2458 3882 2582 3947 Vgl.
