2784 4534
955 284 1359 378 ‘meeum
1395 326 1479 390 11,
1510 325 1598 378 2⁵.
1631 324 1719 377 πο.
2308 316 2432 379 175

271 496 403 550 tum
435 484 704 549 exsistit
729 494 790 546 et
826 483 1072 549 morbus
1116 494 1178 547 et
1221 483 1556 566 aegrotatio
1596 493 1665 546 et
1692 482 2059 555 offensiones
2089 502 2196 547 eae
2216 529 2234 560 ‚
2280 504 2434 566 qnae

273 569 434 636 sunt
450 571 539 634 eis
569 569 796 633 morbis
813 569 1460 653 aegrotationibusque·
1482 569 1849 632 contrariae.
2065 612 2069 618 -

283 704 294 715 .
455 655 618 719 Haec
637 701 653 731 ,
691 675 842 737 quae
873 655 1002 719 dieo
1018 701 1037 732 ,
1073 654 1436 741 cogitatione
1465 654 1629 717 inter
1653 674 1719 719 se
1749 654 2062 732 differunt,
2099 674 2168 716 re
2199 655 2435 736 quidem
2459 654 2536 726 11

277 743 556 826 copulata
587 752 761 817 sunt,
812 742 997 823 eaq‘ue
1027 741 1305 804 oriuntur
1349 760 1433 802 ex
1461 739 1705 802 libidine
1736 750 1797 802 et
1826 759 1907 802 ex
1939 740 2187 803 laetitia.
2279 740 2434 804 Nam

281 849 466 911 quum
512 838 606 889 est
634 827 942 910 concupita
986 828 1237 910 pecunia
1267 844 1380 888 nee
1411 824 1669 890 adhibita
1709 825 1991 889 continue
2021 825 2181 888 ratio
2200 872 2217 903 ,
2264 826 2434 907 quasi

284 913 578 997 quaedam
627 912 932 975 Socratica
973 912 1271 975 medicina
1287 957 1304 988 ,
1359 930 1513 992 quae
1559 922 1801 976 sanaret
1840 930 1979 973 eam
2008 910 2428 994 cupiditatem:

282 1009 598 1083 permanat
639 997 703 1059 in
742 1018 934 1060 venas
978 1008 1038 1060 et
1066 998 1343 1060 inhaeret
1371 996 1436 1058 in
1468 997 1798 1060 visceribus
1843 995 1988 1061 illud
2018 997 2239 1059 malum
2261 1042 2278 1072 ,
2327 1016 2437 1059 ex—

283 1085 563 1166 sistitque
592 1084 838 1147 morbus
867 1094 931 1146 et
960 1084 1298 1165 aegrotatio
1317 1128 1335 1158 ,
1380 1102 1532 1164 qnae
1563 1083 1744 1145 avelli
1775 1082 2114 1147 inveterata
2143 1103 2264 1147 non
2295 1102 2432 1167 pos-

286 1181 459 1247 sunt3
510 1169 684 1251 eique
723 1171 936 1232 morho'
972 1189 1193 1233 nomen
1237 1177 1332 1232 est
1375 1171 1681 1233 ararnio.
1742 1214 1747 1223 ι
1789 1166 2190 1250 Similiterque
2249 1168 2436 1232 aeteri
2465 1180 2533 1231 25

283 1254 518 1330 morbi,
555 1265 636 1317 ut
716 1257 915 1318 lom'ae
945 1256 1310 1337 cupidita-95
1333 1262 1398 1317 ut
1429 1255 1844 1317 mulierositas
1863 1296 1885 1330 ‚,
1930 1264 1995 1315 ut
2025 1253 2112 1317 ita
2141 1252 2434 1337 appellem

285 1361 444 1416 eam,
481 1360 630 1423 quae
704 1358 880 1403 raeee
907 1335 1298 1427 φιλογύνεια
1328 1339 1566 1416 dicitur,
1603 1340 1904 1421 ceterique
1936 1338 2214 1402 similiter
2241 1339 2438 1417 morbi

284 1425 849 1509 aegrotationesque
881 1437 1228 1490 naseuntur.
1280 1424 1445 1504 Quae
1476 1436 1675 1488 autem
1706 1437 1847 1487 sunt
1876 1423 1969 1487 his
2000 1425 2326 1501 contraria,
2364 1444 2437 1488 ea

282 1512 454 1576 nasei
485 1522 765 1593 putantur
793 1532 831 1573 a
861 1520 1052 1587 metu,·
1085 1521 1151 1574 ut
1181 1510 1387 1572 odiu-m
1421 1510 1743 1573 mulierum
1770 1556 1787 1587 ,
1823 1510 1997 1593 quale
2030 1510 2097 1571 in
2117 1510 2435 1594 Misogyne

275 1596 458 1659 -Atilii
487 1607 580 1659 est
599 1642 616 1672 ,
665 1605 735 1657 ut
777 1599 843 1659 in
889 1595 1200 1658 hominum
1233 1597 1584 1658 universum
1611 1616 1852 1678 genua,
1901 1595 2056 1677 quod
2100 1596 2436 1679 accepimus

283 1683 365 1743 de
398 1681 653 1744 Timone
671 1726 688 1756 ,
737 1681 843 1763 qui·
876 1675 1360 1766 μισάνθρωποι
1401 1678 1809 1776 appellantur,
1856 1689 1925 1742 ut
1968 1679 2437 1769 inhospitalitas
2542 1692 2551 1706 “

285 1776 419 1843 est3
470 1785 620 1848 qnae
652 1784 860 1827 omnes
891 1767 1334 1848 aegrotationes
1372 1764 1557 1826 ammi
1588 1783 1670 1825 ex
1701 1765 1953 1846 quodam
1985 1774 2147 1826 metu
2177 1784 2436 1829 naseun-

283 1864 391 1915 tur
417 1871 628 1915 earum
658 1870 861 1913 rerum
878 1896 894 1926 ,
933 1872 1080 1933 quas
1111 1851 1349 1936 fugiunt
1379 1859 1442 1911 et
1470 1850 1748 1912 oderunt.

461 1936 767 1999 Definiunt
810 1946 1009 1999 antem
1054 1935 1239 1998 animi
1271 1937 1772 2020 aegrotationmn
1823 1934 2226 2017 opinationem
2257 1935 2439 1998 vehe-
2469 1946 2537 1997 26

285 2033 551 2087 mentem
583 2022 666 2084 de'
686 2041 756 2084 re
792 2042 913 2083 non
958 2022 1291 2105 expetenda
1314 2067 1330 2097 ,
1384 2033 1684 2103 tamquam
1730 2018 1904 2083 valde
1952 2021 2286 2103 expetenda
2331 2020 2433 2096 sit,

286 2108 704 2172 inhaerentem
736 2117 797 2169 et
825 2106 1062 2190 penitus
1093 2107 1359 2171 insitam.
1410 2106 1583 2185 Quod
1613 2115 1812 2170 autem
1844 2106 2109 2171 nascitur
2138 2126 2221 2169 ex
2243 2104 2438 2190 offen-

284 2198 488 2271 sione,
522 2193 606 2256 ita
626 2191 938 2270 definiunt,
971 2192 1314 2276 opinionem
1329 2184 1867 2261 vehementem'de
1880 2212 1950 2256 re
1981 2212 2102 2255 non
2130 2192 2432 2275 fugienda,

285 2279 699 2343 inhaerentem
731 2288 792 2340 et
824 2278 1060 2361 penitus
1085 2279 1327 2344 insitam
1346 2325 1363 2355 ,
1417 2289 1712 2360 tamquam
1756 2278 2060 2362 fugienda.
2141 2277 2302 2342 Haeo
2331 2298 2437 2343 au·

284 2376 410 2428 tem
439 2364 705 2449 opinatio
735 2374 828 2428 est
856 2363 1141 2427 iudicatio
1173 2385 1240 2429 se
1273 2363 1454 2442 seire,
1491 2364 1644 2445 quod
1678 2365 1929 2426 neseiat.
1974 2361 2447 2449 Aegrotanbm‘

285 2538 429 2598 vim:
464 2535 528 2587 V.
558 2537 645 2607 38,
674 2536 768 2589 111
809 2541 865 2587 in
896 2538 1068 2588 oeulis
1096 2536 1207 2587 talo
1232 2540 1314 2587 ni-

288 2605 486 2668 ltilfit.

357 2670 445 2730 11.
483 2674 655 2734 Haeo,
695 2691 834 2740 quae
859 2675 1005 2738 dieo,
1036 2690 1110 2726 se.
1139 2675 1317 2725 morbi

287 2748 347 2792 et
370 2748 796 2808 aegrotationes.
905 2772 912 2785 κ

361 2813 876 2875 cogitatione—re.-
908 2812 1002 2875 „in
1030 2811 1121 2862 der
1146 2810 1311 2861 Theo-

286 2878 366 2929 rie
391 2906 460 2914 —
486 2878 535 2928 in
562 2879 653 2929 der
677 2879 920 2930 Praxis“.
985 2878 1153 2931 Ueber
1187 2883 1310 2946 qui-

289 2948 411 2998 dem
436 2962 479 2996 S.
510 2964 577 2997 zu
601 2947 643 2997 1.
672 2949 758 3011 27,
786 2948 873 2998 67.

359 3031 497 3085 quae
520 3022 763 3067 sanaret.
811 3015 1009 3080 Wegen
1036 3017 1126 3067 des
1155 3016 1307 3081 Conj.

283 3083 436 3151 Impf.
466 3100 522 3139 sa
541 3083 581 3134 1.
615 3087 664 3149 1,
695 3085 718 3135 1
750 3100 814 3135 zu
832 3088 1193 3151 pertinerent.

356 3154 443 3203 25.
485 3169 618 3218 eam,
651 3170 790 3220 quae
813 3180 880 3191 —-
907 3153 1129 3204 dieitur.
1187 3153 1306 3218 vgl.

286 3221 327 3272 1.
361 3223 443 3286 10,
474 3222 537 3272 20
573 3239 711 3290 quae
736 3224 1023 3273 harmonia
1052 3223 1272 3274 dieitur.

356 3291 540 3341 odium
563 3293 852 3343 mulierum
872 3319 939 3328 —
960 3295 1014 3341 in
1041 3292 1183 3343 hom.
1215 3308 1306 3342 un.

279 3374 476 3426 genus.
525 3357 626 3428 Εἰς
656 3360 919 3411 ahnlioher
942 3356 1187 3411 Weehsel
1221 3360 1313 3411 der

285 3428 680 3492 Consti-nonen,
729 3429 826 3478 wie
865 3430 916 3493 7,
961 3429 1023 3479 16
1061 3428 1144 3479 bei
1186 3430 1311 3479 aab·

285 3499 467 3547 iic-ere.

311 3562 317 3567 ’
353 3568 410 3614 in
435 3563 720 3630 Mieogyne
742 3566 934 3628 Atilii,
977 3567 1119 3617 einer
1156 3566 1311 3617 Bear-

281 3634 518 3698 heitung’
550 3648 648 3682 von
697 3631 1003 3684 Menander-s
1052 3635 1311 3700 gleiehna-

280 3702 465 3766 misem
493 3700 775 3768 Lustspiel.
802 3728 872 3740 -—
896 3702 1006 3753 Den
1025 3702 1096 3754 Μ.
1122 3703 1309 3754 Atilius

283 3771 433 3833 (oder
457 3771 728 3836 Attinas),
769 3771 861 3822 der
895 3772 1024 3822 nach
1063 3773 1124 3823 de
1149 3773 1237 3837 fin¹
1266 3768 1307 3822 l.

283 3839 335 3903 2,
367 3840 396 3891 5
422 3841 552 3891 auch
579 3837 835 3904 Tragiker
856 3855 966 3891 war
983 3877 997 3904 ‚
1047 3848 1204 3891 neunt
1228 3839 1311 3890 Ci-

283 3923 402 3958 eero
451 3908 515 3959 ad
563 3908 672 3960 Att.
723 3907 865 3961 xlv.
916 3910 1011 3974 20,
1066 3910 1098 3959 3
1137 3911 1310 3974 Ροὲΐα

282 3977 627 4029 durissimus.
877 3980 886 3995 ’

1490 2534 1677 2587 Timon
1718 2550 1810 2587 ans
1847 2535 2044 2599 Athen,
2096 2551 2162 2585 zu
2198 2534 2441 2586 Sokrates

1414 2603 1551 2668 Zeit,
1587 2605 1744 2654 durch
1773 2603 1964 2654 Lucian
1991 2604 2042 2653 in
2069 2602 2233 2654 einem
2258 2604 2440 2668 eignen

1415 2673 1629 2736 Dialoge
1653 2671 1959 2723 vortrefflioh
1987 2671 2315 2734 geschildert.

1484 2758 1569 2808 26.
1610 2758 1898 2819 Definiunt
1918 2783 1983 2792 -
2008 2759 2181 2805 animi
2247 2769 2441 2820 aegro-

1417 2830 1700 2877 tationem.
1764 2823 1843 2875 Da
1879 2827 2194 2890 aegrotatio
2230 2816 2442 2892 (ἇρῤαἰ-

1419 2895 1626 2963 στημα)
1654 2910 1752 2943 nur
1782 2893 1929 2943 einen
1957 2892 2147 2941 hiihern
2177 2889 2315 2942 Grnd
2339 2907 2440 2945 von

1416 2965 1637 3014 morbus
1684 2957 1947 3032 (νόσημα)
1993 2959 2321 3025 bezeichnet,
2386 2976 2441 3010 so

1416 3031 1557 3098 giebt
1613 3031 1792 3082 Cieere
1855 3030 1940 3081 fiir
1997 3033 2310 3097 aegrotatio
2359 3029 2442 3081 die

1418 3109 1559 3152 sonst
1608 3100 1693 3150 fiir
1738 3102 1958 3151 morbus
2007 3099 2210 3151 iibliehe
2259 3097 2444 3150 Erna-
2538 3151 2551 3160 ,

1416 3185 1580 3235 rung3
1621 3170 1751 3219 deun
1776 3169 1925 3233 Diog.
1954 3166 2147 3219 L.vl1.
2170 3167 2268 3217 115
2295 3174 2438 3232 ειμι

1415 3234 1636 3308 νόσημα
1675 3239 1852 3304 οἴησις
1886 3231 2113 3306 σφόδρα
2148 3233 2444 3293 δοκοῦντος

1417 3307 1656 3376 αἱρετοῦ.

1486 3395 1629 3444 Haec
1675 3398 1858 3443 autem
1899 3393 2144 3458 opinatio
2195 3389 2315 3452 geht
2350 3389 2448 3439 auf

1414 3460 1568 3582 xxiidie,
1623 3461 1924 3526 aagefiibrte
1970 3459 2130 3547 Arten
2187 3456 2282 3507 der
2329 3462 2443 3554 ⁰¹²²:-

1484 3615 1747 3665 z‘ndicatio
1794 3614 1880 3665 fiir
1919 3615 2179 3666 iudicium
2216 3613 2342 3678 (vgl.
2387 3614 2439 3677 7,

1418 3685 1480 3734 15
1510 3700 1574 3733 zu
1600 3686 1899 3749 opinatio),
1942 3682 2218 3734 ebenfallsa
2232 3697 2330 3732 neu
2355 3697 2443 3745 ge—

1414 3753 1607 3816 bildet,
1646 3751 1743 3802 wie
1780 3752 2152 3803 mulierositas
2188 3749 2291 3801 und
2316 3766 2477 3817 cup-2

1408 3822 1573 3888 podia
1600 3821 1699 3873 und
1727 3821 1754 3884 ἓ
1783 3819 1846 3870 28
1875 3819 2067 3887 lapsio,
2103 3820 2420 3889 ἀοερίοαῒίο,

1484 3923 1540 3956 se
1564 3910 1722 3965 seire.
1763 3904 1831 3956 Se
1856 3905 1922 3953 ist
1947 3904 2057 3953 also
2084 3905 2177 3955 der
2199 3905 2442 3957 reflexive

1414 3975 1623 4059 Aecum
1647 3976 1773 4025 auch
1814 3987 1913 4023 von
1953 3972 2003 4021 d.
2052 3971 2215 4024 lndef.
2258 3988 2439 4037 „mam
