<?xml version="1.0" encoding="UTF-8"?>
<!DOCTYPE html PUBLIC "-//W3C//DTD XHTML 1.0 Transitional//EN"
    "http://www.w3.org/TR/xhtml1/DTD/xhtml1-transitional.dtd">
<html xmlns="http://www.w3.org/1999/xhtml" xml:lang="en" lang="en">
 <head>
  <title>
</title>
<meta http-equiv="Content-Type" content="text/html;charset=utf-8" />
  <meta name='ocr-system' content='tesseract 3.04.00' />
  <meta name='ocr-capabilities' content='ocr_page ocr_carea ocr_par ocr_line ocrx_word'/>
</head>
<body>
  <div class='ocr_page' id='page_1' title='image "./mtulliiciceroni01sorogoog_0234.png"; bbox 0 0 2784 4534; ppageno 0'>
   <div class='ocr_carea' id='block_1_1' title="bbox 300 254 1651 341">
    <p class='ocr_par' dir='ltr' id='par_1_1' title="bbox 300 254 1651 341">
     <span class='ocr_line' id='line_1_1' title="bbox 300 254 1651 341; baseline -0.001 -22"><span class='ocrx_word' id='word_1_1' title='bbox 300 254 428 341; x_wconf 58' lang='lat' dir='ltr'><strong>21·ss</strong></span> <span class='ocrx_word' id='word_1_2' title='bbox 610 302 615 309; x_wconf 90' lang='lat'><em>.</em></span> <span class='ocrx_word' id='word_1_3' title='bbox 1045 332 1054 341; x_wconf 20' lang='grc' dir='ltr'>ἡ</span> <span class='ocrx_word' id='word_1_4' title='bbox 1098 259 1352 319; x_wconf 75' lang='lat' dir='ltr'>LIBER</span> <span class='ocrx_word' id='word_1_5' title='bbox 1381 259 1446 317; x_wconf 87' lang='lat' dir='ltr'><strong>v.</strong></span> <span class='ocrx_word' id='word_1_6' title='bbox 1476 260 1532 329; x_wconf 68' lang='lat' dir='ltr'><strong>z,</strong></span> <span class='ocrx_word' id='word_1_7' title='bbox 1568 259 1651 335; x_wconf 72' lang='lat'><strong>12,</strong></span> 
     </span>
    </p>
   </div>
   <div class='ocr_carea' id='block_1_2' title="bbox 304 417 2465 593">
    <p class='ocr_par' dir='ltr' id='par_1_2' title="bbox 304 417 2465 594">
     <span class='ocr_line' id='line_1_2' title="bbox 308 417 2465 507; baseline -0.01 -15"><span class='ocrx_word' id='word_1_8' title='bbox 308 423 528 495; x_wconf 67' lang='lat' dir='ltr'><strong>Eumeis</strong></span> <span class='ocrx_word' id='word_1_9' title='bbox 559 430 908 495; x_wconf 74' lang='lat' dir='ltr'><strong>consecrata</strong></span> <span class='ocrx_word' id='word_1_10' title='bbox 924 466 943 497; x_wconf 89' lang='lat'><strong>,</strong></span> <span class='ocrx_word' id='word_1_11' title='bbox 979 419 1168 507; x_wconf 73' lang='lat' dir='ltr'><strong>plura</strong></span> <span class='ocrx_word' id='word_1_12' title='bbox 1203 439 1434 504; x_wconf 81' lang='lat' dir='ltr'><strong>genera</strong></span> <span class='ocrx_word' id='word_1_13' title='bbox 1463 418 1657 487; x_wconf 81' lang='lat' dir='ltr'><strong>effecit</strong></span> <span class='ocrx_word' id='word_1_14' title='bbox 1687 417 2165 503; x_wconf 62' lang='lat' dir='ltr'><strong>dissentientium</strong></span> <span class='ocrx_word' id='word_1_15' title='bbox 2196 417 2465 503; x_wconf 55' lang='lat' dir='ltr'><strong>philoso-</strong></span> 
     </span>
     <span class='ocr_line' id='line_1_3' title="bbox 304 500 2457 593; baseline -0.001 -21"><span class='ocrx_word' id='word_1_16' title='bbox 304 510 578 593; x_wconf 80' lang='lat' dir='ltr'><strong>phorum.</strong></span> <span class='ocrx_word' id='word_1_17' title='bbox 668 506 719 575; x_wconf 87' lang='grc' dir='ltr'><strong>Ε</strong></span> <span class='ocrx_word' id='word_1_18' title='bbox 766 504 978 590; x_wconf 74' lang='lat' dir='ltr'><strong>&#39;quibus</strong></span> <span class='ocrx_word' id='word_1_19' title='bbox 1023 526 1135 591; x_wconf 83' lang='lat' dir='ltr'><strong>nos</strong></span> <span class='ocrx_word' id='word_1_20' title='bbox 1179 500 1238 579; x_wconf 81' lang='lat' dir='ltr'><strong>id</strong></span> <span class='ocrx_word' id='word_1_21' title='bbox 1271 502 1648 588; x_wconf 85' lang='lat' dir='ltr'><strong>potissimum</strong></span> <span class='ocrx_word' id='word_1_22' title='bbox 1693 503 1998 571; x_wconf 82' lang='lat' dir='ltr'><strong>consecuti</strong></span> <span class='ocrx_word' id='word_1_23' title='bbox 2039 526 2288 586; x_wconf 76' lang='lat' dir='ltr'><strong>sumuS,</strong></span> <span class='ocrx_word' id='word_1_24' title='bbox 2338 527 2457 587; x_wconf 85' lang='lat' dir='ltr'><strong>quo</strong></span> 
     </span>
    </p>
   </div>
   <div class='ocr_carea' id='block_1_3' title="bbox 227 588 2649 682">
    <p class='ocr_par' dir='ltr' id='par_1_3' title="bbox 227 588 2649 682">
     <span class='ocr_line' id='line_1_4' title="bbox 227 588 2649 682; baseline -0.005 -20"><span class='ocrx_word' id='word_1_25' title='bbox 227 614 250 639; x_wconf 57' lang='lat'>²</span> <span class='ocrx_word' id='word_1_26' title='bbox 310 596 618 682; x_wconf 76' lang='lat' dir='ltr'><strong>Socratem</strong></span> <span class='ocrx_word' id='word_1_27' title='bbox 649 615 823 665; x_wconf 85' lang='lat' dir='ltr'><strong>usum</strong></span> <span class='ocrx_word' id='word_1_28' title='bbox 843 588 1325 672; x_wconf 78' lang='lat' dir='ltr'><strong>arbitrabamur,</strong></span> <span class='ocrx_word' id='word_1_29' title='bbox 1360 603 1428 655; x_wconf 90' lang='lat' dir='ltr'><strong>ut</strong></span> <span class='ocrx_word' id='word_1_30' title='bbox 1456 600 1725 656; x_wconf 87' lang='lat' dir='ltr'><strong>nostram</strong></span> <span class='ocrx_word' id='word_1_31' title='bbox 1752 588 1871 676; x_wconf 88' lang='lat' dir='ltr'><strong>ipsi</strong></span> <span class='ocrx_word' id='word_1_32' title='bbox 1900 589 2259 674; x_wconf 79' lang='lat' dir='ltr'><strong>sententiam</strong></span> <span class='ocrx_word' id='word_1_33' title='bbox 2290 600 2461 675; x_wconf 81' lang='lat' dir='ltr'><strong>tege-</strong></span> <span class='ocrx_word' id='word_1_34' title='bbox 2566 634 2576 639; x_wconf 68' lang='lat'><em>,</em></span> <span class='ocrx_word' id='word_1_35' title='bbox 2640 628 2649 632; x_wconf 92' lang='lat'>-</span> 
     </span>
    </p>
   </div>
   <div class='ocr_carea' id='block_1_4' title="bbox 210 672 2571 2208">
    <p class='ocr_par' dir='ltr' id='par_1_4' title="bbox 210 672 2571 2208">
     <span class='ocr_line' id='line_1_5' title="bbox 231 672 2461 760; baseline -0.004 -11"><span class='ocrx_word' id='word_1_36' title='bbox 231 710 234 717; x_wconf 63' lang='grc'><strong>’</strong></span> <span class='ocrx_word' id='word_1_37' title='bbox 311 699 553 758; x_wconf 81' lang='lat' dir='ltr'><strong>remus,</strong></span> <span class='ocrx_word' id='word_1_38' title='bbox 600 698 808 743; x_wconf 81' lang='lat' dir='ltr'><strong>errore</strong></span> <span class='ocrx_word' id='word_1_39' title='bbox 850 676 998 743; x_wconf 89' lang='lat' dir='ltr'><strong>alios</strong></span> <span class='ocrx_word' id='word_1_40' title='bbox 1040 677 1379 743; x_wconf 81' lang='lat' dir='ltr'><strong>levaremus</strong></span> <span class='ocrx_word' id='word_1_41' title='bbox 1413 688 1473 756; x_wconf 81' lang='lat' dir='ltr'><strong>et</strong></span> <span class='ocrx_word' id='word_1_42' title='bbox 1511 675 1575 739; x_wconf 88' lang='lat' dir='ltr'><strong>in</strong></span> <span class='ocrx_word' id='word_1_43' title='bbox 1620 672 1781 739; x_wconf 90' lang='lat' dir='ltr'><strong>omni</strong></span> <span class='ocrx_word' id='word_1_44' title='bbox 1823 675 2255 760; x_wconf 81' lang='lat' dir='ltr'><strong>disputatione,</strong></span> <span class='ocrx_word' id='word_1_45' title='bbox 2320 675 2461 759; x_wconf 80' lang='lat' dir='ltr'><strong>quid</strong></span> 
     </span>
     <span class='ocr_line' id='line_1_6' title="bbox 293 760 2463 849; baseline -0.003 -21"><span class='ocrx_word' id='word_1_46' title='bbox 293 775 478 835; x_wconf 54' lang='lat' dir='ltr'><strong>‘esset</strong></span> <span class='ocrx_word' id='word_1_47' title='bbox 505 762 871 835; x_wconf 84' lang='lat' dir='ltr'><strong>simillimum</strong></span> <span class='ocrx_word' id='word_1_48' title='bbox 903 763 1066 840; x_wconf 81' lang='lat' dir='ltr'><strong>veri,</strong></span> <span class='ocrx_word' id='word_1_49' title='bbox 1104 783 1551 849; x_wconf 82' lang='lat' dir='ltr'><strong>quaereremus.</strong></span> <span class='ocrx_word' id='word_1_50' title='bbox 1625 760 1813 841; x_wconf 82' lang='lat' dir='ltr'><strong>Quem</strong></span> <span class='ocrx_word' id='word_1_51' title='bbox 1842 781 2083 843; x_wconf 13' lang='lat' dir='ltr'><strong>morem*</strong></span> <span class='ocrx_word' id='word_1_52' title='bbox 2102 783 2277 843; x_wconf 84' lang='lat' dir='ltr'><strong>quum</strong></span> <span class='ocrx_word' id='word_1_53' title='bbox 2310 760 2463 844; x_wconf 68' lang='lat' dir='ltr'><strong>Cat·-</strong></span> 
     </span>
     <span class='ocr_line' id='line_1_7' title="bbox 213 846 2460 932; baseline -0.001 -19"><span class='ocrx_word' id='word_1_54' title='bbox 213 891 217 895; x_wconf 96' lang='grc'>-</span> <span class='ocrx_word' id='word_1_55' title='bbox 312 850 534 929; x_wconf 74' lang='lat' dir='ltr'><strong>needes</strong></span> <span class='ocrx_word' id='word_1_56' title='bbox 581 846 926 919; x_wconf 87' lang='lat' dir='ltr'><strong>acutissime</strong></span> <span class='ocrx_word' id='word_1_57' title='bbox 971 847 1500 932; x_wconf 79' lang='lat' dir='ltr'><strong>copiosissimeque</strong></span> <span class='ocrx_word' id='word_1_58' title='bbox 1543 848 1874 925; x_wconf 86' lang='lat' dir='ltr'><strong>tenuisset,</strong></span> <span class='ocrx_word' id='word_1_59' title='bbox 1919 847 2169 911; x_wconf 85' lang='lat' dir='ltr'><strong>fecimus</strong></span> <span class='ocrx_word' id='word_1_60' title='bbox 2214 858 2275 909; x_wconf 87' lang='lat' dir='ltr'><strong>et</strong></span> <span class='ocrx_word' id='word_1_61' title='bbox 2306 847 2460 927; x_wconf 82' lang='lat' dir='ltr'><strong>alias</strong></span> 
     </span>
     <span class='ocr_line' id='line_1_8' title="bbox 309 931 2463 1019; baseline 0 -20"><span class='ocrx_word' id='word_1_62' title='bbox 309 956 489 1019; x_wconf 83' lang='lat' dir='ltr'><strong>saepe</strong></span> <span class='ocrx_word' id='word_1_63' title='bbox 522 946 582 998; x_wconf 92' lang='lat' dir='ltr'><strong>et</strong></span> <span class='ocrx_word' id='word_1_64' title='bbox 611 955 802 1018; x_wconf 88' lang='lat' dir='ltr'><strong>nuper</strong></span> <span class='ocrx_word' id='word_1_65' title='bbox 829 935 894 998; x_wconf 90' lang='lat' dir='ltr'><strong>in</strong></span> <span class='ocrx_word' id='word_1_66' title='bbox 925 933 1301 1012; x_wconf 87' lang='lat' dir='ltr'><strong>Tusculano,</strong></span> <span class='ocrx_word' id='word_1_67' title='bbox 1352 943 1420 996; x_wconf 88' lang='lat' dir='ltr'><strong>ut</strong></span> <span class='ocrx_word' id='word_1_68' title='bbox 1462 933 1535 996; x_wconf 88' lang='lat' dir='ltr'><strong>ad</strong></span> <span class='ocrx_word' id='word_1_69' title='bbox 1567 953 1698 996; x_wconf 86' lang='lat' dir='ltr'><strong>eam</strong></span> <span class='ocrx_word' id='word_1_70' title='bbox 1728 931 2217 1017; x_wconf 79' lang='lat' dir='ltr'><strong>consuetudinem</strong></span> <span class='ocrx_word' id='word_1_71' title='bbox 2257 932 2463 1019; x_wconf 83' lang='lat' dir='ltr'><strong>dispu-</strong></span> 
     </span>
     <span class='ocr_line' id='line_1_9' title="bbox 306 1017 2499 1104; baseline -0.002 -21"><span class='ocrx_word' id='word_1_72' title='bbox 306 1031 595 1084; x_wconf 78' lang='lat' dir='ltr'><strong>taremus,</strong></span> <span class='ocrx_word' id='word_1_73' title='bbox 688 1021 766 1082; x_wconf 90' lang='lat' dir='ltr'><strong>Et</strong></span> <span class='ocrx_word' id='word_1_74' title='bbox 806 1018 1103 1104; x_wconf 85' lang='lat' dir='ltr'><strong>quatridui</strong></span> <span class='ocrx_word' id='word_1_75' title='bbox 1149 1019 1381 1102; x_wconf 88' lang='lat' dir='ltr'><strong>quidem</strong></span> <span class='ocrx_word' id='word_1_76' title='bbox 1442 1020 1787 1083; x_wconf 83' lang='lat' dir='ltr'><strong>sermonem</strong></span> <span class='ocrx_word' id='word_1_77' title='bbox 1832 1017 2238 1101; x_wconf 89' lang='lat' dir='ltr'><strong>superioribus</strong></span> <span class='ocrx_word' id='word_1_78' title='bbox 2281 1019 2354 1083; x_wconf 88' lang='lat' dir='ltr'><strong>ad</strong></span> <span class='ocrx_word' id='word_1_79' title='bbox 2396 1029 2499 1081; x_wconf 45' lang='lat' dir='ltr'><strong>teu</strong></span> 
     </span>
     <span class='ocr_line' id='line_1_10' title="bbox 350 1103 2458 1189; baseline -0.001 -19"><span class='ocrx_word' id='word_1_80' title='bbox 350 1107 704 1189; x_wconf 84' lang='lat' dir='ltr'><strong>erscriptum</strong></span> <span class='ocrx_word' id='word_1_81' title='bbox 735 1105 903 1171; x_wconf 79' lang='lat' dir='ltr'><strong>libris</strong></span> <span class='ocrx_word' id='word_1_82' title='bbox 934 1104 1242 1183; x_wconf 76' lang='lat' dir='ltr'><strong>misimu83</strong></span> <span class='ocrx_word' id='word_1_83' title='bbox 1289 1104 1501 1189; x_wconf 87' lang='lat' dir='ltr'><strong>quinto</strong></span> <span class='ocrx_word' id='word_1_84' title='bbox 1529 1115 1727 1167; x_wconf 89' lang='lat' dir='ltr'><strong>autem</strong></span> <span class='ocrx_word' id='word_1_85' title='bbox 1758 1104 1855 1166; x_wconf 87' lang='lat' dir='ltr'><strong>die</strong></span> <span class='ocrx_word' id='word_1_86' title='bbox 1874 1150 1891 1181; x_wconf 91' lang='lat'><strong>,</strong></span> <span class='ocrx_word' id='word_1_87' title='bbox 1940 1126 2120 1186; x_wconf 89' lang='lat' dir='ltr'><strong>quum</strong></span> <span class='ocrx_word' id='word_1_88' title='bbox 2152 1103 2360 1169; x_wconf 78' lang='lat' dir='ltr'><strong>endem</strong></span> <span class='ocrx_word' id='word_1_89' title='bbox 2389 1105 2458 1167; x_wconf 83' lang='lat' dir='ltr'><strong>iu</strong></span> 
     </span>
     <span class='ocr_line' id='line_1_11' title="bbox 309 1128 2453 1274; baseline -0.003 -17"><span class='ocrx_word' id='word_1_90' title='bbox 309 1128 441 1257; x_wconf 62' lang='lat' dir='ltr'><strong>foco</strong></span> <span class='ocrx_word' id='word_1_91' title='bbox 474 1190 952 1257; x_wconf 82' lang='lat' dir='ltr'><strong>consedissemus</strong></span> <span class='ocrx_word' id='word_1_92' title='bbox 975 1236 991 1268; x_wconf 91' lang='lat'><strong>,</strong></span> <span class='ocrx_word' id='word_1_93' title='bbox 1042 1186 1131 1255; x_wconf 88' lang='lat' dir='ltr'><strong>sic</strong></span> <span class='ocrx_word' id='word_1_94' title='bbox 1160 1199 1254 1253; x_wconf 88' lang='lat' dir='ltr'><strong>est</strong></span> <span class='ocrx_word' id='word_1_95' title='bbox 1281 1189 1687 1274; x_wconf 70' lang='lat' dir='ltr'><strong>propositum,</strong></span> <span class='ocrx_word' id='word_1_96' title='bbox 1734 1189 1954 1272; x_wconf 58' lang='lat' dir='ltr'><strong>dezquo</strong></span> <span class='ocrx_word' id='word_1_97' title='bbox 1986 1189 2453 1272; x_wconf 73' lang='lat' dir='ltr'><strong>disputaremuS.</strong></span> 
     </span>
     <span class='ocr_line' id='line_1_12' title="bbox 221 1270 2461 1359; baseline 0 -20"><span class='ocrx_word' id='word_1_98' title='bbox 221 1276 269 1346; x_wconf 76' lang='grc'>5</span> <span class='ocrx_word' id='word_1_99' title='bbox 487 1278 576 1339; x_wconf 90' lang='grc' dir='ltr'><strong>Α.</strong></span> <span class='ocrx_word' id='word_1_100' title='bbox 609 1275 746 1339; x_wconf 91' lang='lat' dir='ltr'><strong>Non</strong></span> <span class='ocrx_word' id='word_1_101' title='bbox 777 1272 922 1340; x_wconf 88' lang='lat' dir='ltr'><strong>mihi</strong></span> <span class='ocrx_word' id='word_1_102' title='bbox 951 1270 1226 1351; x_wconf 85' lang='lat' dir='ltr'><strong>videtur,</strong></span> <span class='ocrx_word' id='word_1_103' title='bbox 1279 1274 1351 1337; x_wconf 90' lang='lat' dir='ltr'><strong>ad</strong></span> <span class='ocrx_word' id='word_1_104' title='bbox 1383 1277 1557 1338; x_wconf 88' lang='lat' dir='ltr'><strong>beate</strong></span> <span class='ocrx_word' id='word_1_105' title='bbox 1587 1275 1909 1339; x_wconf 85' lang='lat' dir='ltr'><strong>vivendum</strong></span> <span class='ocrx_word' id='word_1_106' title='bbox 1943 1274 2090 1339; x_wconf 85' lang='lat' dir='ltr'><strong>satis</strong></span> <span class='ocrx_word' id='word_1_107' title='bbox 2122 1296 2299 1359; x_wconf 84' lang='lat' dir='ltr'><strong>posse</strong></span> <span class='ocrx_word' id='word_1_108' title='bbox 2329 1275 2461 1340; x_wconf 85' lang='lat' dir='ltr'><strong>vir-</strong></span> 
     </span>
     <span class='ocr_line' id='line_1_13' title="bbox 210 1358 2457 1443; baseline 0.001 -18"><span class='ocrx_word' id='word_1_109' title='bbox 210 1374 274 1426; x_wconf 90' lang='lat'><strong>12</strong></span> <span class='ocrx_word' id='word_1_110' title='bbox 307 1373 519 1441; x_wconf 78' lang='lat' dir='ltr'><strong>tutem.</strong></span> <span class='ocrx_word' id='word_1_111' title='bbox 597 1358 698 1427; x_wconf 90' lang='lat' dir='ltr'><strong>M.</strong></span> <span class='ocrx_word' id='word_1_112' title='bbox 733 1359 813 1435; x_wconf 82' lang='lat' dir='ltr'><strong>At</strong></span> <span class='ocrx_word' id='word_1_113' title='bbox 842 1359 1083 1427; x_wconf 88' lang='lat' dir='ltr'><strong>hercule</strong></span> <span class='ocrx_word' id='word_1_114' title='bbox 1112 1360 1295 1424; x_wconf 88' lang='lat' dir='ltr'><strong>Bruto</strong></span> <span class='ocrx_word' id='word_1_115' title='bbox 1325 1382 1462 1425; x_wconf 90' lang='lat' dir='ltr'><strong>meo</strong></span> <span class='ocrx_word' id='word_1_116' title='bbox 1491 1361 1730 1424; x_wconf 87' lang='lat' dir='ltr'><strong>videtur</strong></span> <span class='ocrx_word' id='word_1_117' title='bbox 1749 1407 1766 1437; x_wconf 89' lang='lat'><strong>,</strong></span> <span class='ocrx_word' id='word_1_118' title='bbox 1803 1361 1973 1425; x_wconf 88' lang='lat' dir='ltr'><strong>cuius</strong></span> <span class='ocrx_word' id='word_1_119' title='bbox 2004 1380 2115 1443; x_wconf 84' lang='lat' dir='ltr'><strong>ego</strong></span> <span class='ocrx_word' id='word_1_120' title='bbox 2145 1360 2457 1441; x_wconf 75' lang='lat' dir='ltr'><strong>iudicium,</strong></span> 
     </span>
     <span class='ocr_line' id='line_1_14' title="bbox 305 1442 2460 1533; baseline 0 -23"><span class='ocrx_word' id='word_1_121' title='bbox 305 1469 449 1533; x_wconf 80' lang='lat' dir='ltr'><strong>pace</strong></span> <span class='ocrx_word' id='word_1_122' title='bbox 481 1456 583 1511; x_wconf 74' lang='lat' dir='ltr'><strong>tua</strong></span> <span class='ocrx_word' id='word_1_123' title='bbox 613 1446 867 1513; x_wconf 84' lang='lat' dir='ltr'><strong>dixerim</strong></span> <span class='ocrx_word' id='word_1_124' title='bbox 888 1492 906 1522; x_wconf 86' lang='lat'>‚</span> <span class='ocrx_word' id='word_1_125' title='bbox 943 1445 1121 1530; x_wconf 79' lang='lat' dir='ltr'><strong>longe</strong></span> <span class='ocrx_word' id='word_1_126' title='bbox 1153 1457 1449 1529; x_wconf 85' lang='lat' dir='ltr'><strong>antepono</strong></span> <span class='ocrx_word' id='word_1_127' title='bbox 1481 1458 1607 1509; x_wconf 88' lang='lat' dir='ltr'><strong>tuo.</strong></span> <span class='ocrx_word' id='word_1_128' title='bbox 1685 1443 1778 1509; x_wconf 90' lang='lat' dir='ltr'><strong>A.</strong></span> <span class='ocrx_word' id='word_1_129' title='bbox 1811 1446 1951 1517; x_wconf 84' lang='lat' dir='ltr'><strong>Non</strong></span> <span class='ocrx_word' id='word_1_130' title='bbox 1978 1442 2179 1510; x_wconf 87' lang='lat' dir='ltr'><strong>dubito</strong></span> <span class='ocrx_word' id='word_1_131' title='bbox 2198 1493 2215 1523; x_wconf 93' lang='lat'><strong>,</strong></span> <span class='ocrx_word' id='word_1_132' title='bbox 2253 1467 2365 1510; x_wconf 82' lang='lat' dir='ltr'><strong>neo</strong></span> <span class='ocrx_word' id='word_1_133' title='bbox 2393 1446 2460 1511; x_wconf 83' lang='lat' dir='ltr'><strong>id</strong></span> 
     </span>
     <span class='ocr_line' id='line_1_15' title="bbox 305 1530 2571 1616; baseline -0 -20"><span class='ocrx_word' id='word_1_134' title='bbox 305 1554 464 1597; x_wconf 88' lang='lat' dir='ltr'><strong>nunc</strong></span> <span class='ocrx_word' id='word_1_135' title='bbox 494 1532 725 1616; x_wconf 83' lang='lat' dir='ltr'><strong>agitur,</strong></span> <span class='ocrx_word' id='word_1_136' title='bbox 784 1543 849 1595; x_wconf 89' lang='lat' dir='ltr'><strong>tu</strong></span> <span class='ocrx_word' id='word_1_137' title='bbox 875 1530 1047 1595; x_wconf 90' lang='lat' dir='ltr'><strong>illum</strong></span> <span class='ocrx_word' id='word_1_138' title='bbox 1078 1544 1361 1613; x_wconf 87' lang='lat' dir='ltr'><strong>quantum</strong></span> <span class='ocrx_word' id='word_1_139' title='bbox 1392 1552 1556 1597; x_wconf 88' lang='lat' dir='ltr'><strong>ames</strong></span> <span class='ocrx_word' id='word_1_140' title='bbox 1578 1579 1594 1609; x_wconf 87' lang='lat'><strong>,</strong></span> <span class='ocrx_word' id='word_1_141' title='bbox 1642 1533 1747 1596; x_wconf 91' lang='lat' dir='ltr'><strong>sed</strong></span> <span class='ocrx_word' id='word_1_142' title='bbox 1779 1533 1890 1594; x_wconf 86' lang='lat' dir='ltr'><strong>hoc</strong></span> <span class='ocrx_word' id='word_1_143' title='bbox 1909 1577 1927 1609; x_wconf 96' lang='lat'><strong>,</strong></span> <span class='ocrx_word' id='word_1_144' title='bbox 1964 1532 2117 1613; x_wconf 89' lang='lat' dir='ltr'><strong>quod</strong></span> <span class='ocrx_word' id='word_1_145' title='bbox 2149 1532 2294 1595; x_wconf 90' lang='lat' dir='ltr'><strong>mihi</strong></span> <span class='ocrx_word' id='word_1_146' title='bbox 2324 1532 2457 1597; x_wconf 79' lang='lat' dir='ltr'><strong>dixi</strong></span> <span class='ocrx_word' id='word_1_147' title='bbox 2561 1563 2571 1573; x_wconf 85' lang='lat'><strong>·</strong></span> 
     </span>
     <span class='ocr_line' id='line_1_16' title="bbox 304 1616 2458 1701; baseline -0.001 -18"><span class='ocrx_word' id='word_1_148' title='bbox 304 1616 538 1695; x_wconf 84' lang='lat' dir='ltr'><strong>videri,</strong></span> <span class='ocrx_word' id='word_1_149' title='bbox 594 1617 766 1701; x_wconf 84' lang='lat' dir='ltr'><strong>quale</strong></span> <span class='ocrx_word' id='word_1_150' title='bbox 798 1618 913 1696; x_wconf 82' lang='lat' dir='ltr'><strong>sit3</strong></span> <span class='ocrx_word' id='word_1_151' title='bbox 963 1616 1035 1679; x_wconf 89' lang='lat' dir='ltr'><strong>de</strong></span> <span class='ocrx_word' id='word_1_152' title='bbox 1067 1639 1183 1699; x_wconf 87' lang='lat' dir='ltr'><strong>quo</strong></span> <span class='ocrx_word' id='word_1_153' title='bbox 1228 1640 1265 1681; x_wconf 87' lang='lat' dir='ltr'><strong>a</strong></span> <span class='ocrx_word' id='word_1_154' title='bbox 1294 1628 1355 1680; x_wconf 87' lang='lat' dir='ltr'><strong>te</strong></span> <span class='ocrx_word' id='word_1_155' title='bbox 1386 1617 1671 1701; x_wconf 85' lang='lat' dir='ltr'><strong>disputari</strong></span> <span class='ocrx_word' id='word_1_156' title='bbox 1716 1617 1877 1683; x_wconf 86' lang='lat' dir='ltr'><strong>volo.</strong></span> <span class='ocrx_word' id='word_1_157' title='bbox 1954 1618 2053 1683; x_wconf 92' lang='lat' dir='ltr'><strong>M.</strong></span> <span class='ocrx_word' id='word_1_158' title='bbox 2086 1617 2318 1701; x_wconf 82' lang='lat' dir='ltr'><strong>Nempe</strong></span> <span class='ocrx_word' id='word_1_159' title='bbox 2348 1637 2458 1681; x_wconf 86' lang='lat' dir='ltr'><strong>ne-</strong></span> 
     </span>
     <span class='ocr_line' id='line_1_17' title="bbox 307 1701 2451 1788; baseline -0.001 -20"><span class='ocrx_word' id='word_1_160' title='bbox 307 1725 438 1788; x_wconf 85' lang='lat' dir='ltr'><strong>gas,</strong></span> <span class='ocrx_word' id='word_1_161' title='bbox 460 1704 534 1769; x_wconf 86' lang='lat' dir='ltr'><strong>ad</strong></span> <span class='ocrx_word' id='word_1_162' title='bbox 564 1703 737 1771; x_wconf 78' lang='lat' dir='ltr'><strong>beate</strong></span> <span class='ocrx_word' id='word_1_163' title='bbox 767 1702 1091 1767; x_wconf 87' lang='lat' dir='ltr'><strong>vivendum</strong></span> <span class='ocrx_word' id='word_1_164' title='bbox 1123 1704 1270 1769; x_wconf 84' lang='lat' dir='ltr'><strong>satis</strong></span> <span class='ocrx_word' id='word_1_165' title='bbox 1300 1723 1479 1788; x_wconf 89' lang='lat' dir='ltr'><strong>posse</strong></span> <span class='ocrx_word' id='word_1_166' title='bbox 1508 1703 1834 1766; x_wconf 81' lang='lat' dir='ltr'><strong>virtutem?</strong></span> <span class='ocrx_word' id='word_1_167' title='bbox 1863 1701 1957 1767; x_wconf 88' lang='lat' dir='ltr'><strong>A.</strong></span> <span class='ocrx_word' id='word_1_168' title='bbox 1991 1703 2246 1768; x_wconf 89' lang='lat' dir='ltr'><strong>Prorsus</strong></span> <span class='ocrx_word' id='word_1_169' title='bbox 2270 1724 2451 1788; x_wconf 83' lang='lat' dir='ltr'><strong>nego.</strong></span> 
     </span>
     <span class='ocr_line' id='line_1_18' title="bbox 304 1787 2563 1872; baseline -0.002 -15"><span class='ocrx_word' id='word_1_170' title='bbox 304 1791 404 1857; x_wconf 90' lang='lat' dir='ltr'><strong>M.</strong></span> <span class='ocrx_word' id='word_1_171' title='bbox 456 1788 654 1867; x_wconf 81' lang='lat' dir='ltr'><strong>Quid?</strong></span> <span class='ocrx_word' id='word_1_172' title='bbox 697 1788 769 1852; x_wconf 91' lang='lat' dir='ltr'><strong>ad</strong></span> <span class='ocrx_word' id='word_1_173' title='bbox 801 1799 1004 1865; x_wconf 86' lang='lat' dir='ltr'><strong>recte,</strong></span> <span class='ocrx_word' id='word_1_174' title='bbox 1052 1787 1338 1865; x_wconf 86' lang='lat' dir='ltr'><strong>honeste,</strong></span> <span class='ocrx_word' id='word_1_175' title='bbox 1385 1787 1807 1866; x_wconf 80' lang='lat' dir='ltr'><strong>laudabiliter,</strong></span> <span class='ocrx_word' id='word_1_176' title='bbox 1858 1799 2160 1872; x_wconf 87' lang='lat' dir='ltr'><strong>postremo</strong></span> <span class='ocrx_word' id='word_1_177' title='bbox 2194 1789 2268 1852; x_wconf 88' lang='lat' dir='ltr'><strong>ad</strong></span> <span class='ocrx_word' id='word_1_178' title='bbox 2299 1790 2459 1867; x_wconf 74' lang='lat' dir='ltr'><strong>hene</strong></span> <span class='ocrx_word' id='word_1_179' title='bbox 2556 1826 2563 1833; x_wconf 76' lang='lat'><strong>·</strong></span> 
     </span>
     <span class='ocr_line' id='line_1_19' title="bbox 302 1872 2533 1957; baseline 0.001 -17"><span class='ocrx_word' id='word_1_180' title='bbox 302 1874 629 1941; x_wconf 82' lang='lat' dir='ltr'><strong>vivendum</strong></span> <span class='ocrx_word' id='word_1_181' title='bbox 661 1874 887 1938; x_wconf 89' lang='lat' dir='ltr'><strong>satisne</strong></span> <span class='ocrx_word' id='word_1_182' title='bbox 919 1883 1012 1938; x_wconf 88' lang='lat' dir='ltr'><strong>est</strong></span> <span class='ocrx_word' id='word_1_183' title='bbox 1040 1872 1326 1957; x_wconf 86' lang='lat' dir='ltr'><strong>praesidii</strong></span> <span class='ocrx_word' id='word_1_184' title='bbox 1352 1875 1421 1940; x_wconf 78' lang='lat' dir='ltr'><strong>in</strong></span> <span class='ocrx_word' id='word_1_185' title='bbox 1452 1874 1720 1938; x_wconf 81' lang='lat' dir='ltr'><strong>virtute?</strong></span> <span class='ocrx_word' id='word_1_186' title='bbox 1776 1873 1875 1939; x_wconf 84' lang='lat' dir='ltr'><strong>A.</strong></span> <span class='ocrx_word' id='word_1_187' title='bbox 1912 1872 2090 1937; x_wconf 90' lang='lat' dir='ltr'><strong>Certe</strong></span> <span class='ocrx_word' id='word_1_188' title='bbox 2122 1874 2294 1941; x_wconf 85' lang='lat' dir='ltr'><strong>satis.</strong></span> <span class='ocrx_word' id='word_1_189' title='bbox 2346 1873 2452 1941; x_wconf 83' lang='lat' dir='ltr'><strong>M.</strong></span> <span class='ocrx_word' id='word_1_190' title='bbox 2526 1934 2533 1943; x_wconf 93' lang='lat'><em>.</em></span> 
     </span>
     <span class='ocr_line' id='line_1_20' title="bbox 302 1959 2455 2047; baseline -0.001 -20"><span class='ocrx_word' id='word_1_191' title='bbox 302 1960 480 2027; x_wconf 85' lang='lat' dir='ltr'><strong>Potes</strong></span> <span class='ocrx_word' id='word_1_192' title='bbox 511 1960 697 2047; x_wconf 82' lang='lat' dir='ltr'><strong>igitur</strong></span> <span class='ocrx_word' id='word_1_193' title='bbox 726 1969 860 2036; x_wconf 86' lang='lat' dir='ltr'><strong>aut,</strong></span> <span class='ocrx_word' id='word_1_194' title='bbox 899 1959 997 2043; x_wconf 81' lang='lat' dir='ltr'><strong>qui</strong></span> <span class='ocrx_word' id='word_1_195' title='bbox 1027 1959 1181 2023; x_wconf 89' lang='lat' dir='ltr'><strong>male</strong></span> <span class='ocrx_word' id='word_1_196' title='bbox 1207 1959 1410 2036; x_wconf 83' lang='lat' dir='ltr'><strong>vivat,</strong></span> <span class='ocrx_word' id='word_1_197' title='bbox 1450 1980 1570 2022; x_wconf 91' lang='lat' dir='ltr'><strong>non</strong></span> <span class='ocrx_word' id='word_1_198' title='bbox 1603 1981 1737 2025; x_wconf 91' lang='lat' dir='ltr'><strong>eum</strong></span> <span class='ocrx_word' id='word_1_199' title='bbox 1766 1960 2055 2024; x_wconf 88' lang='lat' dir='ltr'><strong>miserum</strong></span> <span class='ocrx_word' id='word_1_200' title='bbox 2087 1961 2307 2037; x_wconf 88' lang='lat' dir='ltr'><strong>dicere,</strong></span> <span class='ocrx_word' id='word_1_201' title='bbox 2349 1971 2455 2025; x_wconf 80' lang='lat' dir='ltr'><strong>aut</strong></span> 
     </span>
     <span class='ocr_line' id='line_1_21' title="bbox 304 2044 2452 2133; baseline 0 -23"><span class='ocrx_word' id='word_1_202' title='bbox 304 2066 478 2129; x_wconf 83' lang='lat' dir='ltr'><strong>quem</strong></span> <span class='ocrx_word' id='word_1_203' title='bbox 507 2047 660 2111; x_wconf 82' lang='lat' dir='ltr'><strong>bene</strong></span> <span class='ocrx_word' id='word_1_204' title='bbox 691 2047 918 2111; x_wconf 83' lang='lat' dir='ltr'><strong>fateare</strong></span> <span class='ocrx_word' id='word_1_205' title='bbox 939 2091 956 2121; x_wconf 90' lang='lat'><strong>,</strong></span> <span class='ocrx_word' id='word_1_206' title='bbox 994 2065 1128 2111; x_wconf 90' lang='lat' dir='ltr'><strong>eum</strong></span> <span class='ocrx_word' id='word_1_207' title='bbox 1158 2065 1384 2129; x_wconf 85' lang='lat' dir='ltr'><strong>negare</strong></span> <span class='ocrx_word' id='word_1_208' title='bbox 1414 2044 1589 2133; x_wconf 83' lang='lat' dir='ltr'><strong>beate</strong></span> <span class='ocrx_word' id='word_1_209' title='bbox 1617 2045 1869 2109; x_wconf 79' lang='lat' dir='ltr'><strong>vivere?</strong></span> <span class='ocrx_word' id='word_1_210' title='bbox 1939 2046 2027 2108; x_wconf 87' lang='lat' dir='ltr'><strong>A.</strong></span> <span class='ocrx_word' id='word_1_211' title='bbox 2060 2044 2282 2125; x_wconf 80' lang='lat' dir='ltr'><strong>Quidni</strong></span> <span class='ocrx_word' id='word_1_212' title='bbox 2313 2067 2452 2128; x_wconf 88' lang='lat' dir='ltr'><strong>pos·</strong></span> 
     </span>
     <span class='ocr_line' id='line_1_22' title="bbox 227 2130 2456 2208; baseline 0 -11"><span class='ocrx_word' id='word_1_213' title='bbox 227 2176 234 2185; x_wconf 83' lang='lat'><em>-</em></span> <span class='ocrx_word' id='word_1_214' title='bbox 260 2176 268 2183; x_wconf 84' lang='lat'><strong>·</strong></span> <span class='ocrx_word' id='word_1_215' title='bbox 303 2131 462 2198; x_wconf 76' lang='lat' dir='ltr'><strong>sim?</strong></span> <span class='ocrx_word' id='word_1_216' title='bbox 489 2152 630 2197; x_wconf 87' lang='lat' dir='ltr'><strong>nam</strong></span> <span class='ocrx_word' id='word_1_217' title='bbox 663 2131 844 2195; x_wconf 89' lang='lat' dir='ltr'><strong>etiam</strong></span> <span class='ocrx_word' id='word_1_218' title='bbox 874 2130 938 2193; x_wconf 91' lang='lat' dir='ltr'><strong>in</strong></span> <span class='ocrx_word' id='word_1_219' title='bbox 969 2131 1284 2195; x_wconf 84' lang='lat' dir='ltr'><strong>tormentis</strong></span> <span class='ocrx_word' id='word_1_220' title='bbox 1316 2141 1477 2193; x_wconf 89' lang='lat' dir='ltr'><strong>recte</strong></span> <span class='ocrx_word' id='word_1_221' title='bbox 1500 2177 1516 2208; x_wconf 93' lang='lat'><strong>,</strong></span> <span class='ocrx_word' id='word_1_222' title='bbox 1553 2131 1804 2194; x_wconf 86' lang='lat' dir='ltr'><strong>honeste</strong></span> <span class='ocrx_word' id='word_1_223' title='bbox 1824 2177 1841 2208; x_wconf 84' lang='lat'><strong>,</strong></span> <span class='ocrx_word' id='word_1_224' title='bbox 1881 2130 2256 2194; x_wconf 83' lang='lat' dir='ltr'><strong>laudabiliter</strong></span> <span class='ocrx_word' id='word_1_225' title='bbox 2285 2142 2345 2194; x_wconf 87' lang='lat' dir='ltr'><strong>et</strong></span> <span class='ocrx_word' id='word_1_226' title='bbox 2375 2131 2456 2197; x_wconf 81' lang='lat' dir='ltr'><strong>ob</strong></span> 
     </span>
    </p>
   </div>
   <div class='ocr_carea' id='block_1_5' title="bbox 292 2340 2451 2698">
    <p class='ocr_par' dir='ltr' id='par_1_5' title="bbox 292 2340 2451 2698">
     <span class='ocr_line' id='line_1_23' title="bbox 357 2340 2448 2409; baseline 0.002 -17"><span class='ocrx_word' id='word_1_227' title='bbox 357 2346 672 2393; x_wconf 77' lang='lat' dir='ltr'><strong>consecrata</strong></span> <span class='ocrx_word' id='word_1_228' title='bbox 695 2340 1047 2405; x_wconf 85' lang='lat' dir='ltr'><strong>„unsterhlich</strong></span> <span class='ocrx_word' id='word_1_229' title='bbox 1062 2342 1319 2407; x_wconf 81' lang='lat' dir='ltr'><strong>gemacht,</strong></span> <span class='ocrx_word' id='word_1_230' title='bbox 1496 2349 1581 2392; x_wconf 85' lang='lat' dir='ltr'><strong>est</strong></span> <span class='ocrx_word' id='word_1_231' title='bbox 1607 2347 1989 2409; x_wconf 80' lang='lat' dir='ltr'><strong>propositum,</strong></span> <span class='ocrx_word' id='word_1_232' title='bbox 2045 2360 2087 2395; x_wconf 81' lang='lat' dir='ltr'><strong>s,</strong></span> <span class='ocrx_word' id='word_1_233' title='bbox 2133 2344 2174 2395; x_wconf 90' lang='lat'><strong>1.</strong></span> <span class='ocrx_word' id='word_1_234' title='bbox 2214 2347 2265 2409; x_wconf 90' lang='grc'><strong>4,</strong></span> <span class='ocrx_word' id='word_1_235' title='bbox 2308 2347 2336 2395; x_wconf 84' lang='lat'><strong>7</strong></span> <span class='ocrx_word' id='word_1_236' title='bbox 2380 2363 2448 2397; x_wconf 83' lang='lat' dir='ltr'><strong>zu</strong></span> 
     </span>
     <span class='ocr_line' id='line_1_24' title="bbox 295 2408 1639 2477; baseline -0.001 -15"><span class='ocrx_word' id='word_1_237' title='bbox 295 2410 606 2476; x_wconf 77' lang='lat' dir='ltr'><strong>verewigt“.</strong></span> <span class='ocrx_word' id='word_1_238' title='bbox 668 2408 736 2459; x_wconf 91' lang='lat' dir='ltr'><strong>So</strong></span> <span class='ocrx_word' id='word_1_239' title='bbox 769 2409 833 2461; x_wconf 89' lang='lat' dir='ltr'><strong>ad</strong></span> <span class='ocrx_word' id='word_1_240' title='bbox 861 2408 921 2473; x_wconf 81' lang='lat' dir='ltr'><strong>Q.</strong></span> <span class='ocrx_word' id='word_1_241' title='bbox 951 2408 1037 2460; x_wconf 87' lang='lat' dir='ltr'><strong>Fr.</strong></span> <span class='ocrx_word' id='word_1_242' title='bbox 1066 2409 1108 2460; x_wconf 91' lang='lat' dir='ltr'><strong>l.</strong></span> <span class='ocrx_word' id='word_1_243' title='bbox 1138 2411 1188 2474; x_wconf 88' lang='lat'><strong>1,</strong></span> <span class='ocrx_word' id='word_1_244' title='bbox 1218 2412 1316 2461; x_wconf 82' lang='lat'><strong>15:</strong></span> <span class='ocrx_word' id='word_1_245' title='bbox 1417 2427 1639 2477; x_wconf 81' lang='lat' dir='ltr'><strong>ponere.</strong></span> 
     </span>
     <span class='ocr_line' id='line_1_25' title="bbox 298 2479 2451 2553; baseline 0.003 -6"><span class='ocrx_word' id='word_1_246' title='bbox 298 2495 464 2547; x_wconf 71' lang='lat' dir='ltr'><strong>quum</strong></span> <span class='ocrx_word' id='word_1_247' title='bbox 541 2479 886 2545; x_wconf 69' lang='lat' dir='ltr'><strong>amplissimis</strong></span> <span class='ocrx_word' id='word_1_248' title='bbox 956 2484 1318 2532; x_wconf 73' lang='lat' dir='ltr'><strong>monumentis</strong></span> <span class='ocrx_word' id='word_1_249' title='bbox 1493 2494 1553 2552; x_wconf 86' lang='lat'><strong>5.</strong></span> <span class='ocrx_word' id='word_1_250' title='bbox 1595 2498 1677 2547; x_wconf 88' lang='lat'><strong>12.</strong></span> <span class='ocrx_word' id='word_1_251' title='bbox 1717 2496 1933 2547; x_wconf 76' lang='lat' dir='ltr'><strong>videtur</strong></span> <span class='ocrx_word' id='word_1_252' title='bbox 1969 2498 2063 2548; x_wconf 77' lang='lat' dir='ltr'><strong>mit</strong></span> <span class='ocrx_word' id='word_1_253' title='bbox 2092 2498 2208 2550; x_wconf 74' lang='lat' dir='ltr'><strong>dem</strong></span> <span class='ocrx_word' id='word_1_254' title='bbox 2244 2499 2365 2551; x_wconf 65' lang='lat' dir='ltr'><strong>Aac.</strong></span> <span class='ocrx_word' id='word_1_255' title='bbox 2395 2517 2451 2553; x_wconf 68' lang='grc' dir='ltr'><strong>ο.</strong></span> 
     </span>
     <span class='ocr_line' id='line_1_26' title="bbox 295 2548 2449 2621; baseline 0.004 -8"><span class='ocrx_word' id='word_1_256' title='bbox 295 2562 610 2601; x_wconf 64' lang='lat' dir='ltr'><strong>0⁰²²·5307&#39;a7&#39;3</strong></span> <span class='ocrx_word' id='word_1_257' title='bbox 677 2548 932 2601; x_wconf 56' lang='lat' dir='ltr'><strong>wlff-⁹⁸⁶⁸</strong></span> <span class='ocrx_word' id='word_1_258' title='bbox 1002 2552 1318 2601; x_wconf 60' lang='lat' dir='ltr'><strong>mssm⁰r²⁴⁰m</strong></span> <span class='ocrx_word' id='word_1_259' title='bbox 1422 2563 1567 2617; x_wconf 83' lang='lat' dir='ltr'><strong>lnfin.</strong></span> <span class='ocrx_word' id='word_1_260' title='bbox 1595 2566 1666 2617; x_wconf 87' lang='lat' dir='ltr'><strong>ist</strong></span> <span class='ocrx_word' id='word_1_261' title='bbox 1690 2566 1809 2616; x_wconf 89' lang='lat' dir='ltr'><strong>sehr</strong></span> <span class='ocrx_word' id='word_1_262' title='bbox 1833 2566 2018 2618; x_wconf 86' lang='lat' dir='ltr'><strong>selten.</strong></span> <span class='ocrx_word' id='word_1_263' title='bbox 2058 2567 2175 2619; x_wconf 86' lang='lat' dir='ltr'><strong>Liv.</strong></span> <span class='ocrx_word' id='word_1_264' title='bbox 2194 2566 2449 2621; x_wconf 86' lang='lat' dir='ltr'>XXXVI.</span> 
     </span>
     <span class='ocr_line' id='line_1_27' title="bbox 292 2619 2449 2698; baseline 0.001 -12"><span class='ocrx_word' id='word_1_265' title='bbox 292 2619 525 2669; x_wconf 42' lang='lat' dir='ltr'><strong>mmm&amp;</strong></span> <span class='ocrx_word' id='word_1_266' title='bbox 555 2620 656 2668; x_wconf 59' lang='grc' dir='ltr'><strong>ἰαί·</strong></span> <span class='ocrx_word' id='word_1_267' title='bbox 1426 2634 1521 2687; x_wconf 78' lang='grc'><strong>13;</strong></span> <span class='ocrx_word' id='word_1_268' title='bbox 1563 2635 1880 2698; x_wconf 74' lang='lat' dir='ltr'><strong>Videbatur,</strong></span> <span class='ocrx_word' id='word_1_269' title='bbox 1921 2635 2237 2688; x_wconf 76' lang='lat' dir='ltr'><strong>Limnaeum</strong></span> <span class='ocrx_word' id='word_1_270' title='bbox 2263 2639 2449 2689; x_wconf 79' lang='lat' dir='ltr'><strong>eodem</strong></span> 
     </span>
    </p>
   </div>
   <div class='ocr_carea' id='block_1_6' title="bbox 292 2702 2455 2909">
    <p class='ocr_par' dir='ltr' id='par_1_6' title="bbox 292 2702 2455 2909">
     <span class='ocr_line' id='line_1_28' title="bbox 355 2702 2455 2770; baseline 0.001 -14"><span class='ocrx_word' id='word_1_271' title='bbox 355 2702 528 2767; x_wconf 75' lang='lat' dir='ltr'><strong>plura</strong></span> <span class='ocrx_word' id='word_1_272' title='bbox 548 2719 752 2770; x_wconf 79' lang='lat' dir='ltr'><strong>genera</strong></span> <span class='ocrx_word' id='word_1_273' title='bbox 774 2729 847 2741; x_wconf 92' lang='lat'><strong>-·-</strong></span> <span class='ocrx_word' id='word_1_274' title='bbox 863 2704 1316 2770; x_wconf 72' lang='lat' dir='ltr'><strong>philosophorum</strong></span> <span class='ocrx_word' id='word_1_275' title='bbox 1424 2708 1663 2769; x_wconf 79' lang='lat' dir='ltr'><strong>tempore</strong></span> <span class='ocrx_word' id='word_1_276' title='bbox 1688 2707 1997 2770; x_wconf 80' lang='lat' dir='ltr'><strong>oppugnari</strong></span> <span class='ocrx_word' id='word_1_277' title='bbox 2025 2720 2206 2770; x_wconf 78' lang='lat' dir='ltr'><strong>posse.</strong></span> <span class='ocrx_word' id='word_1_278' title='bbox 2264 2705 2455 2758; x_wconf 70' lang='lat' dir='ltr'><strong>Weni-</strong></span> 
     </span>
     <span class='ocr_line' id='line_1_29' title="bbox 293 2770 2454 2841; baseline 0.003 -21"><span class='ocrx_word' id='word_1_279' title='bbox 293 2770 576 2840; x_wconf 72' lang='grc' dir='ltr'><strong><em>(αἱρέσεις,</em></strong></span> <span class='ocrx_word' id='word_1_280' title='bbox 602 2771 841 2835; x_wconf 60' lang='lat' dir='ltr'><strong>Sectam:</strong></span> <span class='ocrx_word' id='word_1_281' title='bbox 870 2773 952 2824; x_wconf 89' lang='lat' dir='ltr'><strong>die</strong></span> <span class='ocrx_word' id='word_1_282' title='bbox 980 2772 1315 2841; x_wconf 79' lang='lat' dir='ltr'><strong>Cyrenaiker,</strong></span> <span class='ocrx_word' id='word_1_283' title='bbox 1421 2786 1511 2835; x_wconf 82' lang='lat' dir='ltr'><strong>ger</strong></span> <span class='ocrx_word' id='word_1_284' title='bbox 1535 2770 1766 2835; x_wconf 80' lang='lat' dir='ltr'><strong>auffiillig</strong></span> <span class='ocrx_word' id='word_1_285' title='bbox 1790 2780 1945 2822; x_wconf 85' lang='lat' dir='ltr'><strong>uuten</strong></span> <span class='ocrx_word' id='word_1_286' title='bbox 1983 2773 2034 2837; x_wconf 87' lang='lat'><strong>8,</strong></span> <span class='ocrx_word' id='word_1_287' title='bbox 2062 2773 2126 2824; x_wconf 86' lang='lat'><strong>22</strong></span> <span class='ocrx_word' id='word_1_288' title='bbox 2154 2775 2221 2825; x_wconf 88' lang='lat' dir='ltr'><strong>im</strong></span> <span class='ocrx_word' id='word_1_289' title='bbox 2256 2776 2454 2826; x_wconf 75' lang='lat' dir='ltr'><strong>zwei-</strong></span> 
     </span>
     <span class='ocr_line' id='line_1_30' title="bbox 292 2837 1745 2909; baseline -0.003 -14"><span class='ocrx_word' id='word_1_290' title='bbox 292 2837 615 2905; x_wconf 76' lang='lat' dir='ltr'><strong>Megariker,</strong></span> <span class='ocrx_word' id='word_1_291' title='bbox 646 2840 902 2909; x_wconf 79' lang='lat' dir='ltr'><strong>Cyniker,</strong></span> <span class='ocrx_word' id='word_1_292' title='bbox 930 2841 1154 2905; x_wconf 83' lang='lat' dir='ltr'><strong>Stoiker,</strong></span> <span class='ocrx_word' id='word_1_293' title='bbox 1183 2841 1319 2893; x_wconf 81' lang='lat' dir='ltr'><strong>Aka-</strong></span> <span class='ocrx_word' id='word_1_294' title='bbox 1421 2847 1531 2893; x_wconf 87' lang='lat' dir='ltr'><strong>ten</strong></span> <span class='ocrx_word' id='word_1_295' title='bbox 1570 2840 1745 2891; x_wconf 84' lang='lat' dir='ltr'><strong>Satze.</strong></span> 
     </span>
    </p>
   </div>
   <div class='ocr_carea' id='block_1_7' title="bbox 285 2908 2559 3492">
    <p class='ocr_par' dir='ltr' id='par_1_7' title="bbox 285 2908 2559 3492">
     <span class='ocr_line' id='line_1_31' title="bbox 295 2908 2491 2991; baseline 0.003 -18"><span class='ocrx_word' id='word_1_296' title='bbox 295 2908 541 2974; x_wconf 62' lang='lat' dir='ltr'><strong>demikel&#39;ae</strong></span> <span class='ocrx_word' id='word_1_297' title='bbox 569 2908 942 2976; x_wconf 63' lang='lat' dir='ltr'><strong>Perlpasseukffl&#39;</strong></span> <span class='ocrx_word' id='word_1_298' title='bbox 967 2917 1067 2961; x_wconf 68' lang='grc' dir='ltr'><strong>θῑθ·</strong></span> <span class='ocrx_word' id='word_1_299' title='bbox 1178 2975 1185 2983; x_wconf 77' lang='grc'><em>,</em></span> <span class='ocrx_word' id='word_1_300' title='bbox 1444 2932 1455 2941; x_wconf 83' lang='grc'>’</span> <span class='ocrx_word' id='word_1_301' title='bbox 1486 2924 1667 2977; x_wconf 79' lang='lat' dir='ltr'><strong>Bruto</strong></span> <span class='ocrx_word' id='word_1_302' title='bbox 1688 2941 1824 2976; x_wconf 76' lang='lat' dir='ltr'><strong>meo,</strong></span> <span class='ocrx_word' id='word_1_303' title='bbox 1866 2924 2322 2978; x_wconf 75' lang='lat' dir='ltr'><strong>Schmeichelhafte</strong></span> <span class='ocrx_word' id='word_1_304' title='bbox 2338 2926 2451 2979; x_wconf 88' lang='lat' dir='ltr'><strong>An-</strong></span> <span class='ocrx_word' id='word_1_305' title='bbox 2482 2976 2491 2991; x_wconf 81' lang='grc'><em>,</em></span> 
     </span>
     <span class='ocr_line' id='line_1_32' title="bbox 359 2992 2559 3061; baseline 0.002 -17"><span class='ocrx_word' id='word_1_306' title='bbox 359 2994 410 3044; x_wconf 87' lang='grc' dir='ltr'><em>Ε</em></span> <span class='ocrx_word' id='word_1_307' title='bbox 444 2995 796 3060; x_wconf 73' lang='lat' dir='ltr'><strong>quibus-id</strong></span> <span class='ocrx_word' id='word_1_308' title='bbox 842 3002 965 3056; x_wconf 66' lang='lat' dir='ltr'><strong>etc„</strong></span> <span class='ocrx_word' id='word_1_309' title='bbox 1016 2995 1094 3044; x_wconf 83' lang='lat' dir='ltr'><strong>als</strong></span> <span class='ocrx_word' id='word_1_310' title='bbox 1132 2993 1195 3043; x_wconf 89' lang='lat' dir='ltr'><strong>ob</strong></span> <span class='ocrx_word' id='word_1_311' title='bbox 1225 3011 1317 3061; x_wconf 77' lang='lat' dir='ltr'><strong>ge—</strong></span> <span class='ocrx_word' id='word_1_312' title='bbox 1378 3050 1383 3056; x_wconf 51' lang='grc'><strong>,</strong></span> <span class='ocrx_word' id='word_1_313' title='bbox 1422 2995 1654 3061; x_wconf 77' lang='lat' dir='ltr'><strong>spielung</strong></span> <span class='ocrx_word' id='word_1_314' title='bbox 1691 2995 1786 3044; x_wconf 77' lang='lat' dir='ltr'><strong>auf</strong></span> <span class='ocrx_word' id='word_1_315' title='bbox 1818 2994 1899 3044; x_wconf 89' lang='lat' dir='ltr'><strong>die</strong></span> <span class='ocrx_word' id='word_1_316' title='bbox 1932 2992 1996 3045; x_wconf 88' lang='lat' dir='ltr'><strong>V.</strong></span> <span class='ocrx_word' id='word_1_317' title='bbox 2029 2996 2077 3058; x_wconf 92' lang='lat'><strong>1,</strong></span> <span class='ocrx_word' id='word_1_318' title='bbox 2112 2996 2134 3045; x_wconf 88' lang='lat'>1</span> <span class='ocrx_word' id='word_1_319' title='bbox 2183 2996 2449 3048; x_wconf 66' lang='lat' dir='ltr'><strong>erwihnte</strong></span> <span class='ocrx_word' id='word_1_320' title='bbox 2552 2996 2559 3005; x_wconf 84' lang='lat'><em>&#39;</em></span> 
     </span>
     <span class='ocr_line' id='line_1_33' title="bbox 292 3062 2279 3140; baseline 0.002 -30"><span class='ocrx_word' id='word_1_321' title='bbox 292 3076 395 3140; x_wconf 54' lang='lat' dir='ltr'><strong>ntis</strong></span> <span class='ocrx_word' id='word_1_322' title='bbox 419 3062 847 3127; x_wconf 75' lang='lat' dir='ltr'><strong>philosophandi</strong></span> <span class='ocrx_word' id='word_1_323' title='bbox 865 3063 1315 3127; x_wconf 71' lang='lat' dir='ltr'><strong>vorhergegangen</strong></span> <span class='ocrx_word' id='word_1_324' title='bbox 1421 3062 1613 3114; x_wconf 72' lang='lat' dir='ltr'><strong>sohrirt</strong></span> <span class='ocrx_word' id='word_1_325' title='bbox 1638 3064 1728 3114; x_wconf 85' lang='lat' dir='ltr'><strong>des</strong></span> <span class='ocrx_word' id='word_1_326' title='bbox 1752 3063 1939 3113; x_wconf 84' lang='lat' dir='ltr'><strong>Brutus</strong></span> <span class='ocrx_word' id='word_1_327' title='bbox 1967 3063 2033 3114; x_wconf 87' lang='lat' dir='ltr'><strong>de</strong></span> <span class='ocrx_word' id='word_1_328' title='bbox 2054 3068 2279 3115; x_wconf 79' lang='lat' dir='ltr'><strong>virtute.</strong></span> 
     </span>
     <span class='ocr_line' id='line_1_34' title="bbox 290 3144 2447 3217; baseline 0.003 -22"><span class='ocrx_word' id='word_1_329' title='bbox 290 3144 451 3179; x_wconf 59' lang='lat' dir='ltr'><strong>Wstffl·</strong></span> <span class='ocrx_word' id='word_1_330' title='bbox 1487 3166 1609 3212; x_wconf 83' lang='lat' dir='ltr'><strong>nee,</strong></span> <span class='ocrx_word' id='word_1_331' title='bbox 1663 3149 1730 3199; x_wconf 90' lang='lat' dir='ltr'><strong>im</strong></span> <span class='ocrx_word' id='word_1_332' title='bbox 1767 3146 1919 3200; x_wconf 89' lang='lat' dir='ltr'><strong>Sinne</strong></span> <span class='ocrx_word' id='word_1_333' title='bbox 1966 3164 2063 3199; x_wconf 88' lang='lat' dir='ltr'><strong>von</strong></span> <span class='ocrx_word' id='word_1_334' title='bbox 2113 3166 2283 3217; x_wconf 82' lang='lat' dir='ltr'><strong>neque</strong></span> <span class='ocrx_word' id='word_1_335' title='bbox 2316 3167 2447 3202; x_wconf 82' lang='lat' dir='ltr'><strong>vero</strong></span> 
     </span>
     <span class='ocr_line' id='line_1_35' title="bbox 361 3213 2448 3282; baseline 0.002 -17"><span class='ocrx_word' id='word_1_336' title='bbox 361 3220 417 3265; x_wconf 88' lang='lat' dir='ltr'><strong>et</strong></span> <span class='ocrx_word' id='word_1_337' title='bbox 461 3242 528 3252; x_wconf 90' lang='lat'><strong>—-</strong></span> <span class='ocrx_word' id='word_1_338' title='bbox 580 3228 980 3281; x_wconf 77' lang='lat' dir='ltr'><strong>quaereremus.</strong></span> <span class='ocrx_word' id='word_1_339' title='bbox 1065 3214 1160 3265; x_wconf 90' lang='lat' dir='ltr'><strong>Die</strong></span> <span class='ocrx_word' id='word_1_340' title='bbox 1211 3213 1314 3265; x_wconf 90' lang='lat' dir='ltr'><strong>Zu-</strong></span> <span class='ocrx_word' id='word_1_341' title='bbox 1418 3216 1670 3282; x_wconf 81' lang='lat' dir='ltr'><strong>(tamen),</strong></span> <span class='ocrx_word' id='word_1_342' title='bbox 1707 3217 1847 3268; x_wconf 86' lang='lat' dir='ltr'><strong>nicht</strong></span> <span class='ocrx_word' id='word_1_343' title='bbox 1870 3218 2053 3268; x_wconf 86' lang='lat' dir='ltr'><strong>selteu.</strong></span> <span class='ocrx_word' id='word_1_344' title='bbox 2114 3215 2256 3269; x_wconf 85' lang='lat' dir='ltr'><strong>Noch</strong></span> <span class='ocrx_word' id='word_1_345' title='bbox 2283 3219 2448 3269; x_wconf 72' lang='lat' dir='ltr'><strong>htiufi-</strong></span> 
     </span>
     <span class='ocr_line' id='line_1_36' title="bbox 289 3280 2449 3353; baseline 0.002 -19"><span class='ocrx_word' id='word_1_346' title='bbox 289 3291 505 3349; x_wconf 77' lang='lat' dir='ltr'><strong>setzuug</strong></span> <span class='ocrx_word' id='word_1_347' title='bbox 526 3300 627 3334; x_wconf 88' lang='lat' dir='ltr'><strong>von</strong></span> <span class='ocrx_word' id='word_1_348' title='bbox 665 3290 722 3341; x_wconf 83' lang='lat' dir='ltr'><strong>et</strong></span> <span class='ocrx_word' id='word_1_349' title='bbox 755 3284 823 3335; x_wconf 89' lang='lat' dir='ltr'><strong>ist</strong></span> <span class='ocrx_word' id='word_1_350' title='bbox 847 3285 974 3334; x_wconf 83' lang='lat' dir='ltr'><strong>nach</strong></span> <span class='ocrx_word' id='word_1_351' title='bbox 1003 3283 1112 3333; x_wconf 91' lang='lat' dir='ltr'><strong>dem</strong></span> <span class='ocrx_word' id='word_1_352' title='bbox 1141 3280 1226 3333; x_wconf 85' lang='lat' dir='ltr'><strong>IV.</strong></span> <span class='ocrx_word' id='word_1_353' title='bbox 1261 3285 1310 3348; x_wconf 86' lang='lat'><strong>7,</strong></span> <span class='ocrx_word' id='word_1_354' title='bbox 1416 3302 1510 3351; x_wconf 81' lang='lat' dir='ltr'><strong>ger</strong></span> <span class='ocrx_word' id='word_1_355' title='bbox 1532 3280 1734 3352; x_wconf 51' lang='lat' dir='ltr'><strong>neque?</strong></span> <span class='ocrx_word' id='word_1_356' title='bbox 1772 3284 1838 3335; x_wconf 93' lang='lat' dir='ltr'><strong>So</strong></span> <span class='ocrx_word' id='word_1_357' title='bbox 1863 3284 1905 3337; x_wconf 91' lang='grc' dir='ltr'><strong>Ι.</strong></span> <span class='ocrx_word' id='word_1_358' title='bbox 1934 3286 2019 3350; x_wconf 87' lang='grc'><strong>24,</strong></span> <span class='ocrx_word' id='word_1_359' title='bbox 2051 3286 2134 3338; x_wconf 87' lang='lat'><strong>58.</strong></span> <span class='ocrx_word' id='word_1_360' title='bbox 2177 3286 2322 3341; x_wconf 78' lang='lat' dir='ltr'><strong>Lael.</strong></span> <span class='ocrx_word' id='word_1_361' title='bbox 2350 3288 2449 3353; x_wconf 85' lang='lat'><strong>22,</strong></span> 
     </span>
     <span class='ocr_line' id='line_1_37' title="bbox 291 3351 2448 3420; baseline 0.003 -18"><span class='ocrx_word' id='word_1_362' title='bbox 291 3353 355 3403; x_wconf 88' lang='grc'><strong>16</strong></span> <span class='ocrx_word' id='word_1_363' title='bbox 381 3368 450 3403; x_wconf 86' lang='lat' dir='ltr'><strong>zu</strong></span> <span class='ocrx_word' id='word_1_364' title='bbox 485 3360 542 3404; x_wconf 85' lang='lat' dir='ltr'><strong>et</strong></span> <span class='ocrx_word' id='word_1_365' title='bbox 574 3351 775 3405; x_wconf 76' lang='lat' dir='ltr'><strong>similia</strong></span> <span class='ocrx_word' id='word_1_366' title='bbox 806 3351 1109 3405; x_wconf 85' lang='lat' dir='ltr'><strong>Bemerkten</strong></span> <span class='ocrx_word' id='word_1_367' title='bbox 1137 3368 1203 3402; x_wconf 92' lang='lat' dir='ltr'><strong>zu</strong></span> <span class='ocrx_word' id='word_1_368' title='bbox 1227 3352 1314 3402; x_wconf 86' lang='lat' dir='ltr'><strong>he-</strong></span> <span class='ocrx_word' id='word_1_369' title='bbox 1417 3355 1517 3404; x_wconf 84' lang='lat'><strong>82:</strong></span> <span class='ocrx_word' id='word_1_370' title='bbox 1558 3357 1736 3405; x_wconf 83' lang='lat' dir='ltr'><strong>omnia</strong></span> <span class='ocrx_word' id='word_1_371' title='bbox 1776 3354 1921 3405; x_wconf 81' lang='lat' dir='ltr'><strong>alter</strong></span> <span class='ocrx_word' id='word_1_372' title='bbox 1936 3371 2044 3420; x_wconf 83' lang='lat' dir='ltr'><strong>pro</strong></span> <span class='ocrx_word' id='word_1_373' title='bbox 2071 3355 2249 3408; x_wconf 80' lang='lat' dir='ltr'><strong>altero</strong></span> <span class='ocrx_word' id='word_1_374' title='bbox 2274 3360 2448 3407; x_wconf 79' lang='lat' dir='ltr'><strong>susei-</strong></span> 
     </span>
     <span class='ocr_line' id='line_1_38' title="bbox 285 3419 2441 3492; baseline 0.002 -22"><span class='ocrx_word' id='word_1_375' title='bbox 285 3421 559 3472; x_wconf 76' lang='lat' dir='ltr'><strong>urtheilen.</strong></span> <span class='ocrx_word' id='word_1_376' title='bbox 600 3419 666 3470; x_wconf 90' lang='lat' dir='ltr'><strong>So</strong></span> <span class='ocrx_word' id='word_1_377' title='bbox 694 3422 822 3472; x_wconf 84' lang='lat' dir='ltr'><strong>auch</strong></span> <span class='ocrx_word' id='word_1_378' title='bbox 847 3420 951 3486; x_wconf 78' lang='lat'><strong>§13</strong></span> <span class='ocrx_word' id='word_1_379' title='bbox 969 3420 1313 3489; x_wconf 77' lang='lat' dir='ltr'><strong>reliquaeque</strong></span> <span class='ocrx_word' id='word_1_380' title='bbox 1410 3426 1557 3489; x_wconf 83' lang='lat' dir='ltr'><strong>piet,</strong></span> <span class='ocrx_word' id='word_1_381' title='bbox 1623 3439 1790 3490; x_wconf 82' lang='lat' dir='ltr'><strong>neque</strong></span> <span class='ocrx_word' id='word_1_382' title='bbox 1844 3427 2131 3490; x_wconf 76' lang='lat' dir='ltr'><strong>quiequam</strong></span> <span class='ocrx_word' id='word_1_383' title='bbox 2180 3440 2441 3492; x_wconf 82' lang='lat' dir='ltr'><strong>umquam</strong></span> 
     </span>
    </p>
   </div>
   <div class='ocr_carea' id='block_1_8' title="bbox 283 3493 2523 3714">
    <p class='ocr_par' dir='ltr' id='par_1_8' title="bbox 283 3493 2523 3714">
     <span class='ocr_line' id='line_1_39' title="bbox 283 3493 2523 3545; baseline 0.002 -6"><span class='ocrx_word' id='word_1_384' title='bbox 283 3493 537 3545; x_wconf 75' lang='lat' dir='ltr'><strong>virtutes.</strong></span> <span class='ocrx_word' id='word_1_385' title='bbox 1414 3495 1523 3541; x_wconf 81' lang='lat' dir='ltr'><strong>nisi</strong></span> <span class='ocrx_word' id='word_1_386' title='bbox 1581 3493 1864 3542; x_wconf 80' lang='lat' dir='ltr'><strong>honestum</strong></span> <span class='ocrx_word' id='word_1_387' title='bbox 1927 3493 2075 3542; x_wconf 83' lang='lat' dir='ltr'><strong>alter</strong></span> <span class='ocrx_word' id='word_1_388' title='bbox 2135 3494 2201 3542; x_wconf 84' lang='lat' dir='ltr'><strong>ab</strong></span> <span class='ocrx_word' id='word_1_389' title='bbox 2259 3494 2443 3545; x_wconf 79' lang='lat' dir='ltr'><strong>altero</strong></span> <span class='ocrx_word' id='word_1_390' title='bbox 2512 3534 2523 3543; x_wconf 32' lang='grc' dir='ltr'><em>ι</em></span> 
     </span>
     <span class='ocr_line' id='line_1_40' title="bbox 358 3554 2267 3626; baseline 0.001 -16"><span class='ocrx_word' id='word_1_391' title='bbox 358 3558 679 3622; x_wconf 77' lang='lat' dir='ltr'><strong>Carneades,</strong></span> <span class='ocrx_word' id='word_1_392' title='bbox 710 3573 755 3608; x_wconf 86' lang='lat' dir='ltr'><strong>s.</strong></span> <span class='ocrx_word' id='word_1_393' title='bbox 784 3570 849 3607; x_wconf 80' lang='lat' dir='ltr'><strong>zu</strong></span> <span class='ocrx_word' id='word_1_394' title='bbox 874 3554 962 3605; x_wconf 87' lang='lat'><em>111.</em></span> <span class='ocrx_word' id='word_1_395' title='bbox 991 3556 1078 3621; x_wconf 88' lang='grc'><strong>22,</strong></span> <span class='ocrx_word' id='word_1_396' title='bbox 1108 3558 1191 3608; x_wconf 85' lang='grc'><strong>54.</strong></span> <span class='ocrx_word' id='word_1_397' title='bbox 1405 3561 1734 3626; x_wconf 76' lang='lat' dir='ltr'><strong>postulabit.</strong></span> <span class='ocrx_word' id='word_1_398' title='bbox 2263 3570 2267 3576; x_wconf 82' lang='lat'>&#39;</span> 
     </span>
     <span class='ocr_line' id='line_1_41' title="bbox 337 3641 2440 3714; baseline 0.002 -20"><span class='ocrx_word' id='word_1_399' title='bbox 337 3644 582 3710; x_wconf 76' lang='lat' dir='ltr'><strong>fecimus</strong></span> <span class='ocrx_word' id='word_1_400' title='bbox 620 3671 688 3681; x_wconf 93' lang='lat'><strong>--</strong></span> <span class='ocrx_word' id='word_1_401' title='bbox 724 3648 793 3693; x_wconf 83' lang='lat' dir='ltr'><strong>ut</strong></span> <span class='ocrx_word' id='word_1_402' title='bbox 815 3668 876 3679; x_wconf 86' lang='lat'><strong>·-</strong></span> <span class='ocrx_word' id='word_1_403' title='bbox 906 3641 1310 3713; x_wconf 76' lang='lat' dir='ltr'><strong>disputaremus</strong></span> <span class='ocrx_word' id='word_1_404' title='bbox 1481 3644 1684 3711; x_wconf 82' lang='lat' dir='ltr'><strong>Nempe</strong></span> <span class='ocrx_word' id='word_1_405' title='bbox 1723 3646 2038 3712; x_wconf 82' lang='lat' dir='ltr'><strong>(urspriingl.</strong></span> <span class='ocrx_word' id='word_1_406' title='bbox 2064 3670 2134 3689; x_wconf 84' lang='lat'>=</span> <span class='ocrx_word' id='word_1_407' title='bbox 2160 3648 2440 3714; x_wconf 80' lang='lat' dir='ltr'><strong>namque),</strong></span> 
     </span>
    </p>
   </div>
   <div class='ocr_carea' id='block_1_9' title="bbox 251 3710 2443 3993">
    <p class='ocr_par' dir='ltr' id='par_1_9' title="bbox 286 3710 2443 3921">
     <span class='ocr_line' id='line_1_42' title="bbox 286 3710 2441 3780; baseline 0.002 -19"><span class='ocrx_word' id='word_1_408' title='bbox 286 3712 358 3762; x_wconf 89' lang='lat' dir='ltr'><strong>ist</strong></span> <span class='ocrx_word' id='word_1_409' title='bbox 405 3711 858 3764; x_wconf 86' lang='lat' dir='ltr'><strong>nachdriicklicher</strong></span> <span class='ocrx_word' id='word_1_410' title='bbox 897 3711 975 3762; x_wconf 88' lang='lat' dir='ltr'><strong>als</strong></span> <span class='ocrx_word' id='word_1_411' title='bbox 1015 3710 1104 3771; x_wconf 65' lang='lat' dir='ltr'><strong>das</strong></span> <span class='ocrx_word' id='word_1_412' title='bbox 1141 3712 1307 3763; x_wconf 89' lang='lat' dir='ltr'><strong>blosse</strong></span> <span class='ocrx_word' id='word_1_413' title='bbox 1412 3715 1511 3767; x_wconf 83' lang='lat' dir='ltr'><strong>wie</strong></span> <span class='ocrx_word' id='word_1_414' title='bbox 1551 3713 1641 3769; x_wconf 93' lang='lat' dir='ltr'><strong>III.</strong></span> <span class='ocrx_word' id='word_1_415' title='bbox 1681 3714 1768 3779; x_wconf 87' lang='grc'><strong>20,</strong></span> <span class='ocrx_word' id='word_1_416' title='bbox 1804 3715 1905 3780; x_wconf 86' lang='grc'><strong>49,</strong></span> <span class='ocrx_word' id='word_1_417' title='bbox 1942 3731 2041 3765; x_wconf 90' lang='lat' dir='ltr'><strong>von</strong></span> <span class='ocrx_word' id='word_1_418' title='bbox 2074 3715 2288 3780; x_wconf 80' lang='lat' dir='ltr'><strong>Etwas,</strong></span> <span class='ocrx_word' id='word_1_419' title='bbox 2328 3731 2441 3769; x_wconf 83' lang='lat' dir='ltr'><strong>was</strong></span> 
     </span>
     <span class='ocr_line' id='line_1_43' title="bbox 289 3780 2443 3853; baseline 0.001 -20"><span class='ocrx_word' id='word_1_420' title='bbox 289 3780 714 3853; x_wconf 68' lang='lat' dir='ltr'><strong>disputavimus.-</strong></span> <span class='ocrx_word' id='word_1_421' title='bbox 769 3794 868 3845; x_wconf 84' lang='lat' dir='ltr'><strong>„so</strong></span> <span class='ocrx_word' id='word_1_422' title='bbox 907 3781 1035 3833; x_wconf 82' lang='lat' dir='ltr'><strong>habe</strong></span> <span class='ocrx_word' id='word_1_423' title='bbox 1062 3780 1142 3833; x_wconf 73' lang='lat' dir='ltr'><strong>ich</strong></span> <span class='ocrx_word' id='word_1_424' title='bbox 1170 3797 1225 3832; x_wconf 89' lang='lat' dir='ltr'><strong>es</strong></span> <span class='ocrx_word' id='word_1_425' title='bbox 1252 3798 1307 3831; x_wconf 90' lang='lat' dir='ltr'><strong>so</strong></span> <span class='ocrx_word' id='word_1_426' title='bbox 1411 3798 1525 3834; x_wconf 85' lang='lat' dir='ltr'><strong>man</strong></span> <span class='ocrx_word' id='word_1_427' title='bbox 1565 3784 1720 3835; x_wconf 84' lang='lat' dir='ltr'><strong>sehon</strong></span> <span class='ocrx_word' id='word_1_428' title='bbox 1758 3785 1944 3839; x_wconf 80' lang='lat' dir='ltr'><strong>weiss:</strong></span> <span class='ocrx_word' id='word_1_429' title='bbox 1996 3785 2228 3848; x_wconf 88' lang='lat' dir='ltr'><strong>,‚also“‚</strong></span> <span class='ocrx_word' id='word_1_430' title='bbox 2274 3792 2443 3837; x_wconf 62' lang='lat' dir='ltr'><strong>emas</strong></span> 
     </span>
     <span class='ocr_line' id='line_1_44' title="bbox 287 3848 1676 3921; baseline 0.003 -22"><span class='ocrx_word' id='word_1_431' title='bbox 287 3850 643 3915; x_wconf 79' lang='lat' dir='ltr'><strong>eingorichtet‚</strong></span> <span class='ocrx_word' id='word_1_432' title='bbox 673 3850 791 3899; x_wconf 83' lang='lat' dir='ltr'><strong>dass</strong></span> <span class='ocrx_word' id='word_1_433' title='bbox 814 3876 883 3909; x_wconf 70' lang='lat'><strong>,—-</strong></span> <span class='ocrx_word' id='word_1_434' title='bbox 901 3848 961 3901; x_wconf 88' lang='lat'><strong>“.</strong></span> <span class='ocrx_word' id='word_1_435' title='bbox 1413 3850 1676 3921; x_wconf 68' lang='lat' dir='ltr'><strong>spottisch.</strong></span> 
     </span>
    </p>

    <p class='ocr_par' dir='ltr' id='par_1_10' title="bbox 251 3916 2443 3993">
     <span class='ocr_line' id='line_1_45' title="bbox 251 3916 2443 3993; baseline 0.001 -24"><span class='ocrx_word' id='word_1_436' title='bbox 251 3922 258 3933; x_wconf 92' lang='lat'><em>&#39;</em></span> <span class='ocrx_word' id='word_1_437' title='bbox 311 3984 321 3993; x_wconf 43' lang='lat'><em>·</em></span> <span class='ocrx_word' id='word_1_438' title='bbox 357 3917 538 3971; x_wconf 85' lang='lat' dir='ltr'><strong>eodem</strong></span> <span class='ocrx_word' id='word_1_439' title='bbox 563 3921 618 3968; x_wconf 79' lang='lat' dir='ltr'><strong>in</strong></span> <span class='ocrx_word' id='word_1_440' title='bbox 644 3918 776 3970; x_wconf 84' lang='lat' dir='ltr'><strong>loeo.</strong></span> <span class='ocrx_word' id='word_1_441' title='bbox 816 3916 957 3971; x_wconf 72' lang='lat' dir='ltr'><strong>Wo?</strong></span> <span class='ocrx_word' id='word_1_442' title='bbox 992 3936 1033 3972; x_wconf 87' lang='lat' dir='ltr'><strong>s.</strong></span> <span class='ocrx_word' id='word_1_443' title='bbox 1062 3919 1128 3975; x_wconf 87' lang='lat'><strong>11.</strong></span> <span class='ocrx_word' id='word_1_444' title='bbox 1155 3920 1205 3985; x_wconf 88' lang='lat'><strong>3,</strong></span> <span class='ocrx_word' id='word_1_445' title='bbox 1234 3920 1290 3975; x_wconf 74' lang='lat'><strong>9.</strong></span> <span class='ocrx_word' id='word_1_446' title='bbox 1482 3922 1566 3971; x_wconf 86' lang='lat'><strong>13.</strong></span> <span class='ocrx_word' id='word_1_447' title='bbox 1604 3923 2232 3973; x_wconf 76' lang='lat' dir='ltr'><strong>Haec—coniiciuntur.-</strong></span> <span class='ocrx_word' id='word_1_448' title='bbox 2268 3921 2443 3989; x_wconf 83' lang='lat' dir='ltr'><strong>„Die-</strong></span> 
     </span>
    </p>
   </div>
  </div>
 </body>
</html>
