2784 4534
440 269 520 332 18
1030 330 1037 337 ,
1189 274 1509 331 mucul.
1550 275 1628 341 ιι,
1657 273 1748 329 23.
1781 273 1869 327 24.

436 448 500 505 et
539 435 761 503 similia
802 457 1009 504 eorum
1049 437 1114 500 iu
1144 436 1356 503 horum
1402 446 1682 520 quattuor
1723 453 2008 519 generum
2039 435 2242 501 inesse
2274 434 2435 501 nullo
2465 456 2580 518 pne
2647 434 2664 451 ⁸

437 534 546 586 tat.
657 522 938 602 Quintum
989 541 1177 608 genus
1220 521 1458 586 adhibet
1511 542 1734 585 vacans
1777 520 2018 590 nomine
2037 567 2054 597 ‚
2120 530 2181 585 et
2238 521 2326 584 sic
2381 520 2587 606 ipsum

352 602 360 619 ²
434 608 694 675 animum
749 605 1151 690 ἐνδελέχειαν
1203 608 1460 692 appellat
1516 629 1674 673 novo
1734 607 1975 673 nomine
1993 652 2012 683 ‚
2070 607 2239 688 quasi
2285 607 2588 689 quandam

437 693 845 759 continuatam
875 695 1199 758 motionem
1232 704 1293 756 et
1321 713 1670 779 perennem.
2647 710 2654 723 ⁵

328 781 418 863 11.
607 780 741 844 Nisi
786 801 939 864 quae
969 802 1064 844 me
1096 780 1251 843 forte
1281 779 1555 865 fugiunt,
1606 778 1716 840 hae
1755 788 1897 841 sunt
1936 779 2062 840 fere
2107 777 2178 839 de
2211 776 2409 840 animo
2439 798 2591 840 sen-

436 867 682 937 tentiae.
775 866 1181 930 Democritum
1213 865 1371 931 enim
1391 913 1409 943 ‚
1445 886 1721 949 magnum
1752 863 1918 927 illum
1949 862 2184 946 quidem
2213 863 2434 938 virum,
2471 865 2592 926 sed

436 951 668 1015 levibus
729 962 794 1013 et
833 952 1107 1023 rotundis
1158 950 1526 1036 corpusculis
1582 951 1931 1015 efficientem
1976 949 2234 1013 animum
2279 969 2590 1013 concursu

435 1037 687 1121 quodam
716 1036 962 1100 fortuito
982 1084 1000 1114 ,
1049 1036 1415 1103 omittamus.
1497 1036 1659 1099 Nihil
1700 1045 1794 1099 est
1823 1035 1982 1098 enim
2012 1035 2166 1119 apud
2195 1034 2346 1097 istos
2366 1079 2384 1111 ‚
2420 1035 2589 1117 quod

337 1138 402 1188 23
434 1144 555 1187 non
586 1132 920 1186 atomorum
952 1121 1125 1199 turha
1155 1123 1453 1186 conficiat.
1534 1123 1760 1186 Harum
1780 1120 2216 1185 sententiarum
2246 1140 2398 1203 quae
2426 1139 2588 1184 vera

436 1209 549 1284 sit,
600 1208 745 1270 deus
790 1206 971 1291 aliqui
1003 1208 1258 1288 viderit3
1306 1229 1459 1293 quae
1503 1207 1632 1272 veri
1665 1207 2000 1284 simillima,
2045 1226 2260 1291 magua
2302 1206 2610 1287 quaestio'

437 1303 551 1356 est.
631 1291 840 1356 Utrum
869 1293 1054 1377 igitur
1081 1294 1243 1357 inter
1272 1295 1377 1357 has
1410 1293 1740 1359 sententias
1772 1292 2096 1359 diiudicare
2127 1291 2418 1355 malumus
2440 1336 2456 1367 ,
2497 1312 2589 1368 an

432 1377 506 1441 ad
547 1379 917 1463 propositum
960 1379 1201 1444 redire?
1286 1378 1382 1444 A.
1435 1380 1727 1464 Cuperem
1785 1378 2053 1461 equidem
2107 1388 2421 1460 utrumque
2442 1422 2460 1452 ,
2524 1377 2586 1439 si

431 1473 670 1547 posset3
707 1463 814 1526 sed
844 1475 939 1528 est
968 1465 1198 1529 difficile
1231 1466 1617 1530 confundere.
1695 1464 1891 1545 Quare
1922 1464 2012 1542 si,
2061 1475 2126 1527 ut
2153 1463 2273 1529 ista
2301 1483 2424 1525 non
2454 1461 2587 1525 dis-

433 1558 752 1626 serantur,
800 1548 1045 1614 liberari
1086 1551 1299 1614 mortis
1342 1562 1505 1615 metu
1546 1571 1896 1635 ppssumu8‚
1941 1550 2003 1613 id
2047 1569 2325 1633 agamu83
2390 1549 2487 1623 sin
2519 1547 2587 1613 id

436 1655 557 1696 non
589 1642 821 1719 potest,
857 1635 975 1698 nisi
1006 1635 1117 1719 hac
1148 1639 1500 1720 quaestione
1531 1637 1865 1717 animorum
1897 1635 2230 1719 explicata,
2277 1655 2436 1697 nuuc
2457 1679 2476 1711 ‚
2527 1634 2585 1697 si

429 1720 702 1799 uidetur,
738 1719 849 1783 hoc
873 1768 890 1799 ‚
926 1721 1070 1785 illud
1101 1723 1271 1786 alias.

604 1806 704 1870 M.
742 1805 909 1884 Quod
938 1809 1114 1871 malle
1146 1819 1206 1872 te
1237 1808 1507 1892 intelligo
1526 1856 1543 1887 ,
1579 1808 1639 1871 id
1666 1818 1807 1892 puto
1839 1828 1974 1871 esse
2005 1806 2393 1871 commodius.
2428 1806 2583 1869 Effi-

435 1891 557 1955 ciet
587 1891 746 1953 enim
783 1892 940 1957 ratio
959 1940 976 1970 ‚
1021 1904 1121 1971 ut,
1170 1914 1553 1979 quaecunque
1583 1914 1731 1958 vera
1761 1894 1841 1957 sit
1872 1914 2076 1956 earum
2108 1892 2579 1969 sententiarum,

430 1997 575 2061 quas
606 1979 893 2061 exposui,
943 1998 1105 2042 mors
1137 1990 1240 2043 aut
1268 1981 1488 2043 malum
1518 2000 1640 2042 non
1671 1978 1790 2056 sit,
1839 1989 1943 2042 aut
1983 1979 2065 2041 sit
2091 1978 2313 2042 bonum
2344 1977 2581 2062 potius.

331 2075 396 2126 24
427 2062 579 2125 Nam
624 2062 676 2125 si
709 2084 815 2126 cor
855 2074 960 2126 aut
1005 2065 1248 2147 sanguis
1279 2076 1383 2129 aut
1412 2064 1720 2129 cerebrum
1751 2074 1847 2126 est
1874 2064 2139 2140 animus,
2188 2074 2387 2139 certe,
2424 2085 2583 2146 quo-

431 2148 591 2211 niam
624 2159 720 2210 est
749 2169 964 2246 corpus
982 2195 1000 2226 ‚
1054 2149 1323 2214 interibit
1362 2172 1495 2213 cum
1526 2150 1756 2232 reliquo
1788 2169 2060 2233 corpore.
2123 2149 2186 2212 Si
2217 2149 2415 2212 anima
2452 2156 2574 2225 est,

431 2233 690 2295 fortasse
721 2232 1138 2316 dissipabitur3
1175 2235 1228 2298 si
1260 2235 1457 2319 ignis,
1494 2235 1953 2320 exstinguetur3
2005 2236 2059 2299 si
2091 2245 2184 2299 est
2211 2233 2582 2299 Aristoxeni

431 2316 776 2394 harmonia,
824 2319 1205 2409 dissolvetur.
1299 2321 1450 2400 Quid
1492 2322 1564 2385 de
1595 2320 1963 2386 Dicaearcho
2008 2322 2199 2391 dicam
2222 2367 2239 2397 ‚
2289 2321 2388 2405 qui
2418 2321 2582 2384 nihil

426 2491 530 2540 irre
566 2490 721 2541 leiten
755 2492 960 2554 lassen,
1001 2491 1121 2542 dass
1160 2493 1240 2544 die
1280 2492 1448 2544 Stoi-
1550 2510 1661 2545 csse
1703 2494 1907 2545 caelum
1943 2500 2109 2561 atquc
2138 2500 2370 2557 terram,
2419 2495 2577 2545 nulla

426 2559 542 2608 ker
589 2559 669 2610 die
721 2557 956 2610 Gestirue
1006 2560 1087 2611 fiir
1127 2560 1335 2613 Geister
1367 2579 1448 2613 er-
1551 2569 1772 2629 cogentc
1794 2570 2018 2627 natura,
2043 2564 2139 2613 scd
2153 2578 2419 2614 concursu
2443 2580 2575 2631 quo-

426 2627 651 2679 kliirten.
1550 2631 1676 2682 dam
1683 2633 1959 2698 fortuito.

492 2695 819 2765 ἐνδελέχεια.
900 2697 1115 2750 Wieder
1173 2701 1256 2751 eiu
1316 2699 1448 2752 Ver·
1616 2701 1768 2767 apud
1801 2705 1968 2765 istos,
2007 2700 2090 2751 bei
2126 2701 2221 2752 den
2258 2699 2567 2764 Atomisten‚

425 2767 581 2817 sehen
621 2765 845 2819 Ciceros.
907 2765 1063 2818 Nicbt
1103 2766 1441 2837 ἔνδελέχεια,
1549 2770 1711 2821 denen
1748 2770 1855 2820 sich
1897 2771 2025 2821 auch
2054 2768 2244 2837 Epicur
2280 2770 2565 2820 anschloss.

425 2835 641 2886 souderu
699 2836 1003 2903 ἐντελέχεια
1058 2846 1220 2889 neunt
1276 2838 1439 2890 Arist.
1617 2840 1701 2889 23.
1734 2839 1862 2889 deus
1891 2840 2079 2905 aliqui.
2109 2838 2175 2889 So
2199 2837 2288 2890 lv.
2310 2839 2395 2901 16,
2427 2840 2492 2889 35
2514 2853 2565 2887 u.
2637 2880 2642 2883 Α
2743 2796 2744 2861 l

425 2903 523 2954 den
563 2903 740 2969 Geist,
790 2905 892 2955 und
941 2923 1036 2957 nur
1083 2924 1147 2957 zu
1195 2915 1440 2959 ersterem
1546 2907 1799 2971 V.21‚62
1827 2908 2001 2975 aliqui
2023 2914 2223 2958 terror.
2263 2907 2506 2972 Dagegeu
2523 2904 2566 2956 1.

423 2970 606 3022 Worte
678 2980 820 3037 passt
881 2971 1087 3025 Ciceros
1149 2974 1443 3042 Erkliirung
1547 2977 1631 3039 34,
1673 2977 1737 3026 82
1786 2978 1984 3042 aliquis
2031 2977 2218 3039 ἀοῖον,
2266 2975 2329 3026 11.
2371 2977 2457 3041 20,
2499 2975 2569 3025 46

422 3039 770 3104 nothdiirftig;
799 3040 890 3090 der
904 3040 1051 3092 Seele
1073 3043 1436 3108 sprichtArist.
1546 3045 1705 3095 dolor
1728 3046 1943 3112 aliquis.

423 3106 486 3157 de
539 3108 690 3158 anim.
742 3108 781 3158 1.
835 3109 864 3158 3
925 3111 1278 3161 ausdriieklich
1340 3114 1440 3164 alle
1612 3117 1759 3164 inter
1793 3115 1891 3165 has
1916 3118 2212 3166 sententias
2240 3114 2562 3165 diiudicare.

423 3175 710 3242 Bewegung
735 3177 819 3227 ab.
1543 3180 1659 3245 Vgl.
1714 3182 1774 3233 de
1824 3190 1955 3233 orat.
2006 3182 2047 3232 1.
2090 3183 2173 3246 39,
2230 3184 2357 3233 176:
2419 3186 2568 3235 inter

491 3243 575 3298 ll.
624 3247 1018 3297 Democritum.
1094 3246 1166 3297 Er
1218 3260 1328 3298 war
1370 3267 1439 3302 zu
1539 3251 1828 3301 Marcellos
1865 3258 1920 3303 ct
1954 3251 2205 3304 Claudios
2243 3253 2567 3303 centumviri

419 3314 624 3365 Abdera
660 3316 760 3366 460
795 3332 848 3366 v.
878 3314 999 3366 Chr.
1041 3316 1291 3382 geboren,
1334 3320 1438 3369 und
1543 3319 1882 3371 iudicarunt.

421 3383 610 3434 hildete
661 3384 737 3435 als
773 3383 987 3435 Schiiler
1022 3385 1111 3436 des
1149 3385 1436 3455 Leucippus
1609 3393 1660 3439 si
1676 3395 1894 3455 posset,
1934 3405 2008 3439 sc.
2021 3390 2199 3507 flio-ri,
2240 3390 2337 3440 wie
2378 3390 2462 3451 31,
2493 3386 2558 3435 77

423 3452 602 3503 desseu
626 3451 793 3503 Lehrc
829 3469 928 3503 von
954 3453 1050 3504 den
1074 3455 1290 3506 Atomen
1314 3458 1439 3508 wei-
1543 3454 1657 3524 Qui
1679 3462 1909 3524 potest?
1942 3475 1996 3508 u.
2047 3456 2110 3508 V.
2144 3459 2226 3523 18,
2266 3457 2328 3508 41
2368 3457 2429 3508 id
2453 3470 2563 3506 non

419 3526 503 3571 ter
524 3536 633 3572 uus.
683 3518 803 3586 vgl.
839 3522 900 3572 de
927 3530 1031 3573 nat.
1058 3523 1123 3573 D.
1156 3523 1195 3574 Ι.
1219 3526 1305 3589 24,
1335 3527 1431 3577 66:
1529 3533 1738 3593 potest.

419 3589 536 3640 Ista
576 3593 713 3641 enim
734 3592 966 3658 flagitia
990 3593 1295 3645 Democriti
1327 3599 1436 3646 eive
1607 3597 1935 3662 confundere
1953 3595 2178 3662 „beides
2191 3591 2552 3658 vcreinigcn“.

423 3662 598 3709 ctiam
635 3666 764 3709 ante
810 3659 1092 3726 Leucippi,
1124 3728 1127 3731 Α
1158 3679 1270 3714 csse
1318 3682 1436 3716 cor-
1536 3663 1603 3714 So
1653 3666 1714 3716 de
1763 3665 1850 3715 fin.
1902 3664 1966 3716 V.
2006 3666 2102 3731 23,
2147 3667 2244 3717 67:
2308 3664 2557 3729 confusio

414 3727 646 3792 puscula
672 3728 934 3793 quaedam
961 3731 1291 3797 lcvz'a(1.s?a)‚
1321 3735 1433 3784 alia
1535 3736 1821 3785 virtutum.
2281 3731 2286 3737 ’

421 3809 643 3862 aspera,
683 3797 923 3848 rotunda
948 3800 1076 3864 alia,
1100 3807 1310 3867 partim
1335 3819 1434 3853 au-
1604 3806 1656 3853 si
1675 3805 1890 3855 videtur
1926 3804 2039 3855 hier
2059 3804 2161 3854 und
2187 3804 2270 3868 32,
2303 3804 2364 3852 77
2397 3801 2547 3859 ohne,

423 3867 529 3913 tem
567 3866 862 3931 angulata,
906 3875 1131 3920 curvata
1170 3871 1435 3938 quaedam
1537 3870 1614 3921 oft
1652 3872 1776 3922 aber
1799 3872 1925 3924 auch
1952 3872 2045 3922 mit
2071 3874 2188 3937 tibi,
2214 3871 2433 3922 welches
2458 3866 2548 3914 da-

423 3937 481 3983 ct·
511 3936 672 3999 quati
708 3936 950 3988 adunca:
990 3955 1057 3988 cx
1081 3939 1163 3988 llis
1190 3942 1434 4011 effectum
1536 3955 1694 4004 gegen
1721 3942 1801 3993 hei
1827 3945 1877 3991 si
1890 3942 2092 4009 placet,
2121 3957 2171 3992 z.
2200 3941 2256 3990 B.
2287 3939 2376 3990 111.
2399 3936 2451 4000 6,
2480 3931 2544 3983 13
